
<record>
  <leader>04407cam a22004815i 4500</leader>
  <controlfield tag="001">21350338</controlfield>
  <controlfield tag="005">20200103065751.0</controlfield>
  <controlfield tag="008">200103t20192019dcuab    b    000 0 eng d</controlfield>
  <datafield tag="906" ind1=" " ind2=" ">
    <subfield code="a">0</subfield>
    <subfield code="b">ibc</subfield>
    <subfield code="c">copycat</subfield>
    <subfield code="d">2</subfield>
    <subfield code="e">ncip</subfield>
    <subfield code="f">20</subfield>
    <subfield code="g">y-gencatlg</subfield>
  </datafield>
  <datafield tag="925" ind1="0" ind2=" ">
    <subfield code="a">acquire</subfield>
    <subfield code="b">1 shelf copy</subfield>
    <subfield code="x">policy default</subfield>
  </datafield>
  <datafield tag="955" ind1=" " ind2=" ">
    <subfield code="b">rn45 2020-01-03 z-processor 1 copy to USASH</subfield>
  </datafield>
  <datafield tag="010" ind1=" " ind2=" ">
    <subfield code="a">  2019275357</subfield>
  </datafield>
  <datafield tag="016" ind1="7" ind2=" ">
    <subfield code="a">019505727</subfield>
    <subfield code="2">Uk</subfield>
  </datafield>
  <datafield tag="020" ind1=" " ind2=" ">
    <subfield code="a">9780309485357</subfield>
    <subfield code="q">(paperback)</subfield>
  </datafield>
  <datafield tag="020" ind1=" " ind2=" ">
    <subfield code="a">0309485355</subfield>
    <subfield code="q">(paperback)</subfield>
  </datafield>
  <datafield tag="035" ind1=" " ind2=" ">
    <subfield code="a">(OCoLC)on1099247645</subfield>
  </datafield>
  <datafield tag="040" ind1=" " ind2=" ">
    <subfield code="a">NRC</subfield>
    <subfield code="b">eng</subfield>
    <subfield code="c">NRC</subfield>
    <subfield code="e">rda</subfield>
    <subfield code="e">rda</subfield>
    <subfield code="d">EEM</subfield>
    <subfield code="d">YDXIT</subfield>
    <subfield code="d">SOI</subfield>
    <subfield code="d">YDX</subfield>
    <subfield code="d">OCLCF</subfield>
    <subfield code="d">KSU</subfield>
    <subfield code="d">UKMGB</subfield>
    <subfield code="d">OCLCQ</subfield>
    <subfield code="d">DLC</subfield>
  </datafield>
  <datafield tag="042" ind1=" " ind2=" ">
    <subfield code="a">lccopycat</subfield>
  </datafield>
  <datafield tag="082" ind1="0" ind2="4">
    <subfield code="a">333.95/53</subfield>
    <subfield code="2">23</subfield>
  </datafield>
  <datafield tag="097" ind1="0" ind2="0">
    <subfield code="a">QH75</subfield>
    <subfield code="b">.R46 2019</subfield>
  </datafield>
  <datafield tag="245" ind1="0" ind2="2">
    <subfield code="a">A research review of interventions to increase the persistence and resilience of coral reefs /</subfield>
    <subfield code="c">Committee on Interventions to Increase the Resilience of Coral Reefs ; Ocean Studies Board ; Board on Life Sciences ; Division on Earth and Life Studies.</subfield>
  </datafield>
  <datafield tag="264" ind1=" " ind2="1">
    <subfield code="a">Washington, DC :</subfield>
    <subfield code="b">the National Academies Press</subfield>
    <subfield code="c">[2019]</subfield>
  </datafield>
  <datafield tag="264" ind1=" " ind2="4">
    <subfield code="c">©2019</subfield>
  </datafield>
  <datafield tag="300" ind1=" " ind2=" ">
    <subfield code="a">xii, 245 pages :</subfield>
    <subfield code="b">color illustrations, color maps ;</subfield>
    <subfield code="c">23 cm.</subfield>
  </datafield>
  <datafield tag="336" ind1=" " ind2=" ">
    <subfield code="a">text</subfield>
    <subfield code="b">txt</subfield>
    <subfield code="2">rdacontent</subfield>
  </datafield>
  <datafield tag="337" ind1=" " ind2=" ">
    <subfield code="a">unmediated</subfield>
    <subfield code="b">n</subfield>
    <subfield code="2">rdamedia</subfield>
  </datafield>
  <datafield tag="338" ind1=" " ind2=" ">
    <subfield code="a">volume</subfield>
    <subfield code="b">nc</subfield>
    <subfield code="2">rdacarrier</subfield>
  </datafield>
  <datafield tag="490" ind1="1" ind2=" ">
    <subfield code="a">A consensus study report of the National Academies of Sciences, Engineering, Medicine</subfield>
  </datafield>
  <datafield tag="520" ind1=" " ind2=" ">
    <subfield code="a">&quot;Coral reef declines have been recorded for all major tropical ocean basins since the 1980s, averaging approximately 30-50% reductions in reef cover globally. These losses are a result of numerous problems, including habitat destruction, pollution, overfishing, disease, and climate change. Greenhouse gas emissions and the associated increases in ocean temperature and carbon dioxide (CO2) concentrations have been implicated in increased reports of coral bleaching, disease outbreaks, and ocean acidification (OA). For the hundreds of millions of people who depend on reefs for food or livelihoods, the thousands of communities that depend on reefs for wave protection, the people whose cultural practices are tied to reef resources, and the many economies that depend on reefs for fisheries or tourism, the health and maintenance of this major global ecosystem is crucial.  A growing body of research on coral physiology, ecology, molecular biology, and responses to stress has revealed potential tools to increase coral resilience. Some of this knowledge is poised to provide practical interventions in the short-term, whereas other discoveries are poised to facilitate research that may later open the doors to additional interventions. A Research Review of Interventions to Increase the Persistence and Resilience of Coral Reefs reviews the state of science on genetic, ecological, and environmental interventions meant to enhance the persistence and resilience of coral reefs. The complex nature of corals and their associated microbiome lends itself to a wide range of possible approaches. This first report provides a summary of currently available information on the range of interventions present in the scientific literature and provides a basis for the forthcoming final report&quot;--Publisher&apos;s description.</subfield>
  </datafield>
  <datafield tag="504" ind1=" " ind2=" ">
    <subfield code="a">Includes bibliographical references.</subfield>
  </datafield>
  <datafield tag="505" ind1="0" ind2=" ">
    <subfield code="a">Genetic and reproductive interventions -- Physiological interventions -- Coral population and community interventions -- Environmental interventions.</subfield>
  </datafield>
  <datafield tag="650" ind1=" " ind2="0">
    <subfield code="a">Coral reef conservation.</subfield>
  </datafield>
  <datafield tag="650" ind1=" " ind2="0">
    <subfield code="a">Coral reef ecology.</subfield>
  </datafield>
  <datafield tag="650" ind1=" " ind2="0">
    <subfield code="a">Coral declines.</subfield>
  </datafield>
  <datafield tag="650" ind1=" " ind2="7">
    <subfield code="a">Coral declines.</subfield>
    <subfield code="2">fast</subfield>
    <subfield code="0">(OCoLC)fst01764160</subfield>
  </datafield>
  <datafield tag="650" ind1=" " ind2="7">
    <subfield code="a">Coral reef conservation.</subfield>
    <subfield code="2">fast</subfield>
    <subfield code="0">(OCoLC)fst00878842</subfield>
  </datafield>
  <datafield tag="650" ind1=" " ind2="7">
    <subfield code="a">Coral reef ecology.</subfield>
    <subfield code="2">fast</subfield>
    <subfield code="0">(OCoLC)fst00878847</subfield>
  </datafield>
  <datafield tag="710" ind1="2" ind2=" ">
    <subfield code="a">National Academies of Sciences, Engineering, and Medicine (U.S.).</subfield>
    <subfield code="b">Committee on Interventions to Increase the Resilience of Coral Reefs.</subfield>
  </datafield>
  <datafield tag="710" ind1="2" ind2=" ">
    <subfield code="a">National Academies of Sciences, Engineering, and Medicine (U.S.).</subfield>
    <subfield code="b">Ocean Studies Board,</subfield>
    <subfield code="e">issuing body.</subfield>
  </datafield>
  <datafield tag="710" ind1="2" ind2=" ">
    <subfield code="a">National Academies of Sciences, Engineering, and Medicine (U.S.).</subfield>
    <subfield code="b">Board on Life Sciences.</subfield>
  </datafield>
  <datafield tag="710" ind1="2" ind2=" ">
    <subfield code="a">National Academies of Sciences, Engineering, and Medicine (U.S.).</subfield>
    <subfield code="b">Division on Earth and Life Studies.</subfield>
  </datafield>
  <datafield tag="776" ind1="0" ind2="8">
    <subfield code="i">Online version:</subfield>
    <subfield code="t">A research review of interventions to increase the persistence and resilience of coral reefs.</subfield>
    <subfield code="d">Washington, DC: National Academies Press, 2018</subfield>
    <subfield code="z">0309485355</subfield>
    <subfield code="w">(OCoLC)1091904647</subfield>
  </datafield>
  <datafield tag="830" ind1=" " ind2="0">
    <subfield code="a">Consensus study report.</subfield>
  </datafield>
</record>