
<record>
  <leader>03206cam a22004578i 4500</leader>
  <controlfield tag="001">21350345</controlfield>
  <controlfield tag="005">20200103102950.0</controlfield>
  <controlfield tag="008">200103s2020    inu      b    001 0 eng  </controlfield>
  <datafield tag="906" ind1=" " ind2=" ">
    <subfield code="a">7</subfield>
    <subfield code="b">cbc</subfield>
    <subfield code="c">orignew</subfield>
    <subfield code="d">1</subfield>
    <subfield code="e">ecip</subfield>
    <subfield code="f">20</subfield>
    <subfield code="g">y-gencatlg</subfield>
  </datafield>
  <datafield tag="925" ind1="0" ind2=" ">
    <subfield code="a">acquire</subfield>
    <subfield code="b">1 shelf copy</subfield>
    <subfield code="x">policy default</subfield>
  </datafield>
  <datafield tag="955" ind1=" " ind2=" ">
    <subfield code="b">rf26 2020-01-03</subfield>
    <subfield code="d">rf26 2020-01-03 to SL</subfield>
    <subfield code="e">rf07 2020-01-03 (telework) to Dewey</subfield>
    <subfield code="w">xm06 2020-01-03</subfield>
  </datafield>
  <datafield tag="010" ind1=" " ind2=" ">
    <subfield code="a">  2019058234</subfield>
  </datafield>
  <datafield tag="020" ind1=" " ind2=" ">
    <subfield code="a">9780893574963</subfield>
    <subfield code="q">(paperback)</subfield>
  </datafield>
  <datafield tag="040" ind1=" " ind2=" ">
    <subfield code="a">DLC</subfield>
    <subfield code="b">eng</subfield>
    <subfield code="e">rda</subfield>
    <subfield code="c">DLC</subfield>
  </datafield>
  <datafield tag="042" ind1=" " ind2=" ">
    <subfield code="a">pcc</subfield>
  </datafield>
  <datafield tag="043" ind1=" " ind2=" ">
    <subfield code="a">e-ur---</subfield>
    <subfield code="a">n-us---</subfield>
  </datafield>
  <datafield tag="050" ind1="0" ind2="0">
    <subfield code="a">DK264.8</subfield>
    <subfield code="b">.M68 2020</subfield>
  </datafield>
  <datafield tag="082" ind1="0" ind2="0">
    <subfield code="a">267/.39730947</subfield>
    <subfield code="2">23</subfield>
  </datafield>
  <datafield tag="100" ind1="1" ind2=" ">
    <subfield code="a">Mott, John R.</subfield>
    <subfield code="q">(John Raleigh),</subfield>
    <subfield code="d">1865-1955,</subfield>
    <subfield code="e">author.</subfield>
  </datafield>
  <datafield tag="245" ind1="1" ind2="0">
    <subfield code="a">John R. Mott, the American YMCA,, and Revolutionary Russia :</subfield>
    <subfield code="b">excerpts from Recent Experiences and Impressions in Russia by John R. Mott, and Service with Fighting Men /</subfield>
    <subfield code="c">edited and annotated by Matthew Lee Miller.</subfield>
  </datafield>
  <datafield tag="246" ind1="3" ind2="0">
    <subfield code="a">Excerpts from Recent Experiences and Impressions in Russia by John R. Mott, and Service with Fighting Men</subfield>
  </datafield>
  <datafield tag="263" ind1=" " ind2=" ">
    <subfield code="a">2003</subfield>
  </datafield>
  <datafield tag="264" ind1=" " ind2="1">
    <subfield code="a">Bloomington, Indiana :</subfield>
    <subfield code="b">Slavica Publishers,</subfield>
    <subfield code="c">2020.</subfield>
  </datafield>
  <datafield tag="300" ind1=" " ind2=" ">
    <subfield code="a">pages cm</subfield>
  </datafield>
  <datafield tag="336" ind1=" " ind2=" ">
    <subfield code="a">text</subfield>
    <subfield code="b">txt</subfield>
    <subfield code="2">rdacontent</subfield>
  </datafield>
  <datafield tag="337" ind1=" " ind2=" ">
    <subfield code="a">unmediated</subfield>
    <subfield code="b">n</subfield>
    <subfield code="2">rdamedia</subfield>
  </datafield>
  <datafield tag="338" ind1=" " ind2=" ">
    <subfield code="a">volume</subfield>
    <subfield code="b">nc</subfield>
    <subfield code="2">rdacarrier</subfield>
  </datafield>
  <datafield tag="490" ind1="0" ind2=" ">
    <subfield code="a">Americans in Revolutionary Russia;</subfield>
    <subfield code="v">vol 12</subfield>
  </datafield>
  <datafield tag="504" ind1=" " ind2=" ">
    <subfield code="a">Includes bibliographical references and index.</subfield>
  </datafield>
  <datafield tag="505" ind1="0" ind2=" ">
    <subfield code="a">Part 1 Excerpts from Recent Experiences and Impressions in Russia: Extracts from Correspondence and Addresses of John R. Mott, Member of the Special Diplomatic Mission of the United States to Russia, May-August, 1917 -- I. Letter From John R. Mott Regarding a Most Urgent Need in Russia  -- II. Speech by John R. Mott at a Dinner Given by Mr. Emanuel Nobel at His Home in Petrograd   -- III. Letter from Major-General H. L. Scott to John R. Mott   -- IV. Letter from John R. Mott Regarding Recent Religious Developments in Russia   -- V. Address of John R. Mott, at the Great Sobor of the Russian Orthodox Church   -- VI. Letter from the High Procurator of the Russian Orthodox Church to John R. Mott  -- Part 2 Excerpts from Service with Fighting Men: An Account of the Work of the American Young Men&apos;s Christian Associations in the World War, Volume 2 -- I. Chapter XLVIII, Russia   -- II. Chapter LVIII, Wartime Activities in Russia.</subfield>
  </datafield>
  <datafield tag="520" ind1=" " ind2=" ">
    <subfield code="a">&quot;A collection of public addresses and letters concerning John R. Mott&apos;s participation in the US Root Mission to Russia in 1917.&quot;--</subfield>
    <subfield code="c">Provided by publisher.</subfield>
  </datafield>
  <datafield tag="650" ind1=" " ind2="0">
    <subfield code="a">Young Men&apos;s Christian associations</subfield>
    <subfield code="z">Russia</subfield>
    <subfield code="x">History</subfield>
    <subfield code="y">20th century.</subfield>
  </datafield>
  <datafield tag="610" ind1="2" ind2="0">
    <subfield code="a">National Council of the Young Men&apos;s Christian Associations of the United States of America</subfield>
    <subfield code="x">History</subfield>
    <subfield code="y">20th century.</subfield>
  </datafield>
  <datafield tag="650" ind1=" " ind2="0">
    <subfield code="a">Young men</subfield>
    <subfield code="x">Services for</subfield>
    <subfield code="z">Russia</subfield>
    <subfield code="x">History</subfield>
    <subfield code="y">20th century.</subfield>
  </datafield>
  <datafield tag="650" ind1=" " ind2="0">
    <subfield code="a">World War, 1914-1918</subfield>
    <subfield code="x">War work</subfield>
    <subfield code="x">Young Men&apos;s Christian associations.</subfield>
  </datafield>
  <datafield tag="650" ind1=" " ind2="0">
    <subfield code="a">World War, 1914-1918</subfield>
    <subfield code="z">Russia.</subfield>
  </datafield>
  <datafield tag="650" ind1=" " ind2="0">
    <subfield code="a">Soldiers</subfield>
    <subfield code="x">Social conditions</subfield>
    <subfield code="y">20th century.</subfield>
  </datafield>
  <datafield tag="651" ind1=" " ind2="0">
    <subfield code="a">Russia</subfield>
    <subfield code="x">Social conditions</subfield>
    <subfield code="y">1801-1917.</subfield>
  </datafield>
  <datafield tag="700" ind1="1" ind2=" ">
    <subfield code="a">Miller, Matthew Lee,</subfield>
    <subfield code="d">1968-</subfield>
    <subfield code="e">editor.</subfield>
  </datafield>
  <datafield tag="700" ind1="1" ind2="2">
    <subfield code="a">Mott, John R.</subfield>
    <subfield code="q">(John Raleigh),</subfield>
    <subfield code="d">1865-1955.</subfield>
    <subfield code="t">Recent Experiences and Impressions in Russia.</subfield>
  </datafield>
  <datafield tag="740" ind1="0" ind2="2">
    <subfield code="a">Service with Fighting Men.</subfield>
  </datafield>
</record>