
<record>
  <leader>02129cam a22003618i 4500</leader>
  <controlfield tag="001">21350365</controlfield>
  <controlfield tag="005">20200103092849.0</controlfield>
  <controlfield tag="008">200103r20201816ilu           000 1 eng  </controlfield>
  <datafield tag="906" ind1=" " ind2=" ">
    <subfield code="a">7</subfield>
    <subfield code="b">cbc</subfield>
    <subfield code="c">orignew</subfield>
    <subfield code="d">1</subfield>
    <subfield code="e">ecip</subfield>
    <subfield code="f">20</subfield>
    <subfield code="g">y-gencatlg</subfield>
  </datafield>
  <datafield tag="925" ind1="0" ind2=" ">
    <subfield code="a">acquire</subfield>
    <subfield code="b">1 shelf copy</subfield>
    <subfield code="x">policy default</subfield>
  </datafield>
  <datafield tag="955" ind1=" " ind2=" ">
    <subfield code="b">xk18 2020-01-03</subfield>
    <subfield code="i">xk18 2020-01-03; to CIP (Telework)</subfield>
  </datafield>
  <datafield tag="010" ind1=" " ind2=" ">
    <subfield code="a">  2019059642</subfield>
  </datafield>
  <datafield tag="020" ind1=" " ind2=" ">
    <subfield code="a">9781492699743</subfield>
    <subfield code="q">(trade paperback)</subfield>
  </datafield>
  <datafield tag="040" ind1=" " ind2=" ">
    <subfield code="a">DLC</subfield>
    <subfield code="b">eng</subfield>
    <subfield code="e">rda</subfield>
    <subfield code="c">DLC</subfield>
  </datafield>
  <datafield tag="041" ind1="1" ind2=" ">
    <subfield code="a">eng</subfield>
    <subfield code="h">fre</subfield>
  </datafield>
  <datafield tag="042" ind1=" " ind2=" ">
    <subfield code="a">pcc</subfield>
  </datafield>
  <datafield tag="050" ind1="0" ind2="0">
    <subfield code="a">PQ1957.B29</subfield>
    <subfield code="b">V313 2020</subfield>
  </datafield>
  <datafield tag="082" ind1="0" ind2="0">
    <subfield code="a">843/.5</subfield>
    <subfield code="2">23</subfield>
  </datafield>
  <datafield tag="100" ind1="1" ind2=" ">
    <subfield code="a">Beckford, William,</subfield>
    <subfield code="d">1760-1844,</subfield>
    <subfield code="e">author.</subfield>
  </datafield>
  <datafield tag="240" ind1="0" ind2="0">
    <subfield code="a">Vathek.</subfield>
    <subfield code="l">English</subfield>
  </datafield>
  <datafield tag="245" ind1="1" ind2="0">
    <subfield code="a">Vathek /</subfield>
    <subfield code="c">William Beckford ; with an introduction by Joe R. Lansdale.</subfield>
  </datafield>
  <datafield tag="263" ind1=" " ind2=" ">
    <subfield code="a">2008</subfield>
  </datafield>
  <datafield tag="264" ind1=" " ind2="1">
    <subfield code="a">Naperville, IL :</subfield>
    <subfield code="b">Poisoned Pen Press,</subfield>
    <subfield code="c">[2020]</subfield>
  </datafield>
  <datafield tag="300" ind1=" " ind2=" ">
    <subfield code="a">pages cm.</subfield>
  </datafield>
  <datafield tag="336" ind1=" " ind2=" ">
    <subfield code="a">text</subfield>
    <subfield code="b">txt</subfield>
    <subfield code="2">rdacontent</subfield>
  </datafield>
  <datafield tag="337" ind1=" " ind2=" ">
    <subfield code="a">unmediated</subfield>
    <subfield code="b">n</subfield>
    <subfield code="2">rdamedia</subfield>
  </datafield>
  <datafield tag="338" ind1=" " ind2=" ">
    <subfield code="a">volume</subfield>
    <subfield code="b">nc</subfield>
    <subfield code="2">rdacarrier</subfield>
  </datafield>
  <datafield tag="490" ind1="0" ind2=" ">
    <subfield code="a">Haunted library of horror classics</subfield>
  </datafield>
  <datafield tag="500" ind1=" " ind2=" ">
    <subfield code="a">&quot;Originally published as An Arabian Tale, from an unpublished manuscript in 1786. This edition is based on the third edition, revised and corrected, published as Vathek in 1816 in England by W. Clarke, London.&quot;</subfield>
  </datafield>
  <datafield tag="520" ind1=" " ind2=" ">
    <subfield code="a">&quot;Vathek, the ninth caliph of the Abassides in Arabia, ascends to the throne at an early age and reigns with an iron fist, inspiring terror and unrest among his people. His intense thirst for knowledge (which makes him feel more powerful) and his constant desire for pleasures of the flesh will ultimately lead to his downfall. When he purchases mysterious glowing swords from a strange merchant, he learns the swords have inscriptions and powers he cannot understand or translate. Vathek sells his soul to find out what they say and becomes eternally damned. Featuring an introduction by acclaimed writer Joe R. Lonsdale, this is the Haunted Library of Horror Classics reprint of the classic Gothic novel Vathek by William Beckford&quot;--</subfield>
    <subfield code="c">Provided by publisher.</subfield>
  </datafield>
  <datafield tag="655" ind1=" " ind2="7">
    <subfield code="a">Gothic fiction.</subfield>
    <subfield code="2">gsafd</subfield>
  </datafield>
  <datafield tag="655" ind1=" " ind2="7">
    <subfield code="a">Horror fiction.</subfield>
    <subfield code="2">gsafd</subfield>
  </datafield>
  <datafield tag="700" ind1="1" ind2=" ">
    <subfield code="a">Lansdale, Joe R.,</subfield>
    <subfield code="d">1951-</subfield>
    <subfield code="e">writer of introduction.</subfield>
  </datafield>
</record>