
<record>
  <leader>04702cam a22006615i 4500</leader>
  <controlfield tag="001">21350376</controlfield>
  <controlfield tag="005">20200103074227.0</controlfield>
  <controlfield tag="008">200103t20192019dcua     b    100 0 eng d</controlfield>
  <datafield tag="906" ind1=" " ind2=" ">
    <subfield code="a">0</subfield>
    <subfield code="b">ibc</subfield>
    <subfield code="c">copycat</subfield>
    <subfield code="d">2</subfield>
    <subfield code="e">ncip</subfield>
    <subfield code="f">20</subfield>
    <subfield code="g">y-gencatlg</subfield>
  </datafield>
  <datafield tag="925" ind1="0" ind2=" ">
    <subfield code="a">acquire</subfield>
    <subfield code="b">1 shelf copy</subfield>
    <subfield code="x">policy default</subfield>
  </datafield>
  <datafield tag="955" ind1=" " ind2=" ">
    <subfield code="b">rn45 2020-01-03 z-processor 1 copy to USASH</subfield>
  </datafield>
  <datafield tag="010" ind1=" " ind2=" ">
    <subfield code="a">  2019275360</subfield>
  </datafield>
  <datafield tag="016" ind1="7" ind2=" ">
    <subfield code="a">019505310</subfield>
    <subfield code="2">Uk</subfield>
  </datafield>
  <datafield tag="020" ind1=" " ind2=" ">
    <subfield code="a">0309488737</subfield>
  </datafield>
  <datafield tag="020" ind1=" " ind2=" ">
    <subfield code="a">9780309488730</subfield>
  </datafield>
  <datafield tag="020" ind1=" " ind2=" ">
    <subfield code="a">9783030059118</subfield>
    <subfield code="q">hardbound</subfield>
  </datafield>
  <datafield tag="020" ind1=" " ind2=" ">
    <subfield code="a">3030059111</subfield>
  </datafield>
  <datafield tag="020" ind1=" " ind2=" ">
    <subfield code="z">9783030059125</subfield>
    <subfield code="q">(electronic bk.)</subfield>
  </datafield>
  <datafield tag="024" ind1="3" ind2=" ">
    <subfield code="a">9783030059118</subfield>
  </datafield>
  <datafield tag="035" ind1=" " ind2=" ">
    <subfield code="a">(OCoLC)on1089851338</subfield>
  </datafield>
  <datafield tag="040" ind1=" " ind2=" ">
    <subfield code="a">YDX</subfield>
    <subfield code="b">eng</subfield>
    <subfield code="c">YDX</subfield>
    <subfield code="e">rda</subfield>
    <subfield code="d">EEM</subfield>
    <subfield code="d">NRC</subfield>
    <subfield code="d">YDX</subfield>
    <subfield code="d">OCLCO</subfield>
    <subfield code="d">OCLCF</subfield>
    <subfield code="d">OCLCO</subfield>
    <subfield code="d">NDD</subfield>
    <subfield code="d">IXA</subfield>
    <subfield code="d">KSU</subfield>
    <subfield code="d">OCL</subfield>
    <subfield code="d">OCLCO</subfield>
    <subfield code="d">UKMGB</subfield>
    <subfield code="d">OCLCQ</subfield>
    <subfield code="d">OCLCA</subfield>
    <subfield code="d">TXI</subfield>
    <subfield code="d">DLC</subfield>
  </datafield>
  <datafield tag="042" ind1=" " ind2=" ">
    <subfield code="a">lccopycat</subfield>
  </datafield>
  <datafield tag="060" ind1=" " ind2="4">
    <subfield code="a">WL 100</subfield>
  </datafield>
  <datafield tag="072" ind1=" " ind2="7">
    <subfield code="a">RD</subfield>
    <subfield code="2">lcco</subfield>
  </datafield>
  <datafield tag="082" ind1="0" ind2="4">
    <subfield code="a">616.890072</subfield>
    <subfield code="2">23</subfield>
  </datafield>
  <datafield tag="097" ind1="0" ind2="0">
    <subfield code="a">RC337</subfield>
    <subfield code="b">.T73 2018</subfield>
  </datafield>
  <datafield tag="111" ind1="2" ind2=" ">
    <subfield code="a">Transgenic and Chimeric Neuroscience Research: Exploring the Scientific Opportunities Afforded by New Nonhuman Primate Models (Workshop)</subfield>
    <subfield code="d">(2018 :</subfield>
    <subfield code="c">Washington, D.C.).,</subfield>
    <subfield code="j">author.</subfield>
  </datafield>
  <datafield tag="245" ind1="1" ind2="0">
    <subfield code="a">Transgenic neuroscience research :</subfield>
    <subfield code="b">exploring the scientific opportunities afforded by new nonhuman primate models : proceedings of a workshop / Lisa Bain, Sheena M. Posey Norris, and Clare Stroud, rapporteurs ; Forum on Neuroscience and Nervous System Disorders ; Board on Health Sciences Policy ; Health and Medicine Division ; the National Academies of Sciences, Engineering, Medicine.</subfield>
  </datafield>
  <datafield tag="264" ind1=" " ind2="1">
    <subfield code="a">Washington, DC :</subfield>
    <subfield code="b">The National Academies Press,</subfield>
    <subfield code="c">[2019]</subfield>
  </datafield>
  <datafield tag="264" ind1=" " ind2="4">
    <subfield code="c">©2019.</subfield>
  </datafield>
  <datafield tag="300" ind1=" " ind2=" ">
    <subfield code="a">xii, 78 pages :</subfield>
    <subfield code="b">color illustrations ;</subfield>
    <subfield code="c">23 cm.</subfield>
  </datafield>
  <datafield tag="336" ind1=" " ind2=" ">
    <subfield code="a">text</subfield>
    <subfield code="b">txt</subfield>
    <subfield code="2">rdacontent</subfield>
  </datafield>
  <datafield tag="337" ind1=" " ind2=" ">
    <subfield code="a">unmediated</subfield>
    <subfield code="b">n</subfield>
    <subfield code="2">rdamedia</subfield>
  </datafield>
  <datafield tag="338" ind1=" " ind2=" ">
    <subfield code="a">volume</subfield>
    <subfield code="b">nc</subfield>
    <subfield code="2">rdacarrier</subfield>
  </datafield>
  <datafield tag="520" ind1=" " ind2=" ">
    <subfield code="a">&quot;To examine the promise, concerns, and challenges related to neuroscience research using genetically modified nonhuman primates, the National Academies of Sciences, Engineering, and Medicine hosted a public workshop on October 4, 2018, bringing together an international group of experts and stakeholders representing academia, industry, laboratory animal management, disease-focused foundations, and federal agencies. The workshop was designed to explore the current state and future promise of research using genetically modified nonhuman primate models of disease to understand the complex functions of the brain that control behavior, movement, and cognition in both health and disease states. This publication summarizes the presentations and discussions from the workshop&quot;--Publisher&apos;s description.</subfield>
  </datafield>
  <datafield tag="504" ind1=" " ind2=" ">
    <subfield code="a">Includes bibliographical references (pages 53-59).</subfield>
  </datafield>
  <datafield tag="505" ind1="0" ind2=" ">
    <subfield code="a">Introduction and background -- Genetically modified nonhuman primate models for neuroscience research : rationale and overview of potential opportunities and challenges -- State of the science of transgenic nonhuman primate models for nervous system disorders -- Translating research from nonhuman primates to humans -- Bioethical considerations for transgenic nonhuman primate models in neuroscience research -- Understanding the policy, infrastructure, and funding needed to advance neuroscience research  -- Appendixes.</subfield>
  </datafield>
  <datafield tag="650" ind1=" " ind2="0">
    <subfield code="a">Nervous system</subfield>
    <subfield code="x">Diseases</subfield>
    <subfield code="x">Animal models</subfield>
    <subfield code="v">Congresses.</subfield>
  </datafield>
  <datafield tag="650" ind1=" " ind2="0">
    <subfield code="a">Human behavior</subfield>
    <subfield code="x">Animal models</subfield>
    <subfield code="v">Congresses.</subfield>
  </datafield>
  <datafield tag="650" ind1=" " ind2="0">
    <subfield code="a">Transgenic animals</subfield>
    <subfield code="x">Research</subfield>
    <subfield code="v">Congresses.</subfield>
  </datafield>
  <datafield tag="650" ind1=" " ind2="0">
    <subfield code="a">Primates</subfield>
    <subfield code="x">Genetics</subfield>
    <subfield code="v">Congresses.</subfield>
  </datafield>
  <datafield tag="650" ind1=" " ind2="0">
    <subfield code="a">Primates</subfield>
    <subfield code="x">Nervous system</subfield>
    <subfield code="x">Research</subfield>
    <subfield code="v">Congresses.</subfield>
  </datafield>
  <datafield tag="650" ind1=" " ind2="2">
    <subfield code="a">Animals, Genetically Modified.</subfield>
  </datafield>
  <datafield tag="650" ind1=" " ind2="2">
    <subfield code="a">Neurosciences.</subfield>
  </datafield>
  <datafield tag="650" ind1=" " ind2="2">
    <subfield code="a">Primates</subfield>
    <subfield code="x">genetics.</subfield>
  </datafield>
  <datafield tag="650" ind1=" " ind2="2">
    <subfield code="a">Models, Animal.</subfield>
  </datafield>
  <datafield tag="655" ind1=" " ind2="2">
    <subfield code="a">Congress.</subfield>
  </datafield>
  <datafield tag="650" ind1=" " ind2="7">
    <subfield code="a">Nervous system</subfield>
    <subfield code="x">Diseases</subfield>
    <subfield code="x">Animal models.</subfield>
    <subfield code="2">fast</subfield>
    <subfield code="0">(OCoLC)fst01036099</subfield>
  </datafield>
  <datafield tag="650" ind1=" " ind2="7">
    <subfield code="a">Human behavior</subfield>
    <subfield code="x">Animal models.</subfield>
    <subfield code="2">fast</subfield>
    <subfield code="0">(OCoLC)fst00962812</subfield>
  </datafield>
  <datafield tag="655" ind1=" " ind2="7">
    <subfield code="a">Conference papers and proceedings.</subfield>
    <subfield code="2">fast</subfield>
    <subfield code="0">(OCoLC)fst01423772</subfield>
  </datafield>
  <datafield tag="655" ind1=" " ind2="7">
    <subfield code="a">Conference papers and proceedings.</subfield>
    <subfield code="2">lcgft</subfield>
  </datafield>
  <datafield tag="700" ind1="1" ind2=" ">
    <subfield code="a">Bain, Lisa J.,</subfield>
    <subfield code="e">rapporteur.</subfield>
  </datafield>
  <datafield tag="700" ind1="1" ind2=" ">
    <subfield code="a">Norris, Sheena M. Posey,</subfield>
    <subfield code="e">rapporteur.</subfield>
  </datafield>
  <datafield tag="700" ind1="1" ind2=" ">
    <subfield code="a">Stroud, Clare,</subfield>
    <subfield code="e">rapporteur.</subfield>
  </datafield>
  <datafield tag="710" ind1="2" ind2=" ">
    <subfield code="a">National Academies of Sciences, Engineering, and Medicine (U.S.).</subfield>
    <subfield code="b">Forum on Neuroscience and Nervous System Disorders,</subfield>
    <subfield code="e">issuing body.</subfield>
  </datafield>
  <datafield tag="710" ind1="2" ind2=" ">
    <subfield code="a">National Academies of Sciences, Engineering, and Medicine (U.S.).</subfield>
    <subfield code="b">Board on Health Sciences Policy.</subfield>
  </datafield>
  <datafield tag="710" ind1="2" ind2=" ">
    <subfield code="a">National Academies of Sciences, Engineering, and Medicine (U.S.).</subfield>
    <subfield code="b">Health and Medicine Division.</subfield>
  </datafield>
  <datafield tag="776" ind1="0" ind2="8">
    <subfield code="i">Online version:</subfield>
    <subfield code="t">Transgenic neuroscience research : exploring the scientific opportunities afforded by new nonhuman primate models : proceedings of a workshop.</subfield>
    <subfield code="d">Washington, DC: National Academies Press, 2019</subfield>
    <subfield code="z">0309488737</subfield>
    <subfield code="w">(OCoLC)1091904987</subfield>
  </datafield>
</record>