
<record>
  <leader>04631cam a22006015i 4500</leader>
  <controlfield tag="001">21350394</controlfield>
  <controlfield tag="005">20200103075756.0</controlfield>
  <controlfield tag="008">200103t20192019dcuab    b    000 0 eng d</controlfield>
  <datafield tag="906" ind1=" " ind2=" ">
    <subfield code="a">0</subfield>
    <subfield code="b">ibc</subfield>
    <subfield code="c">copycat</subfield>
    <subfield code="d">2</subfield>
    <subfield code="e">ncip</subfield>
    <subfield code="f">20</subfield>
    <subfield code="g">y-gencatlg</subfield>
  </datafield>
  <datafield tag="925" ind1="0" ind2=" ">
    <subfield code="a">acquire</subfield>
    <subfield code="b">1 shelf copy</subfield>
    <subfield code="x">policy default</subfield>
  </datafield>
  <datafield tag="955" ind1=" " ind2=" ">
    <subfield code="b">rn45 2020-01-03 z-processor 1 copy to USASH</subfield>
  </datafield>
  <datafield tag="010" ind1=" " ind2=" ">
    <subfield code="a">  2019275361</subfield>
  </datafield>
  <datafield tag="020" ind1=" " ind2=" ">
    <subfield code="a">9780309476522</subfield>
    <subfield code="q">(paperback)</subfield>
  </datafield>
  <datafield tag="020" ind1=" " ind2=" ">
    <subfield code="a">0309476526</subfield>
    <subfield code="q">(paperback)</subfield>
  </datafield>
  <datafield tag="035" ind1=" " ind2=" ">
    <subfield code="a">(OCoLC)on1080997816</subfield>
  </datafield>
  <datafield tag="040" ind1=" " ind2=" ">
    <subfield code="a">YDX</subfield>
    <subfield code="b">eng</subfield>
    <subfield code="c">YDX</subfield>
    <subfield code="e">rda</subfield>
    <subfield code="d">EEM</subfield>
    <subfield code="d">NRC</subfield>
    <subfield code="d">OCLCO</subfield>
    <subfield code="d">OCLCF</subfield>
    <subfield code="d">OCLCQ</subfield>
    <subfield code="d">OCLCO</subfield>
    <subfield code="d">YDX</subfield>
    <subfield code="d">IXA</subfield>
    <subfield code="d">KSU</subfield>
    <subfield code="d">OCLCA</subfield>
    <subfield code="d">DLC</subfield>
  </datafield>
  <datafield tag="042" ind1=" " ind2=" ">
    <subfield code="a">lccopycat</subfield>
  </datafield>
  <datafield tag="043" ind1=" " ind2=" ">
    <subfield code="a">n-us---</subfield>
  </datafield>
  <datafield tag="082" ind1="0" ind2="4">
    <subfield code="a">628</subfield>
    <subfield code="2">23</subfield>
  </datafield>
  <datafield tag="097" ind1="0" ind2="0">
    <subfield code="a">TA170</subfield>
    <subfield code="b">.E585 2019</subfield>
  </datafield>
  <datafield tag="245" ind1="0" ind2="0">
    <subfield code="a">Environmental engineering for the 21st century :</subfield>
    <subfield code="b">addressing grand challenges /</subfield>
    <subfield code="c">Committee on the Grand Challenges and Opportunities in Environmental Engineering for the Twenty-First Century ; Division on Earth and Life Studies ; Division on Engineering and Physical Sciences ; National Academy of Engineering ; Board on Agriculture and Natural Resources ; Board on Atmospheric Sciences and Climate ; Board on Chemical Sciences and Technology ; Board on Earth Sciences and Resources ; Board on Energy and Environmental Systems (DEPS) ; Board on Environmental Studies and Toxicology ; Board on Life Sciences ; NAE Office of Programs ; Ocean Studies Board ; Water Science and Technology Board.</subfield>
  </datafield>
  <datafield tag="246" ind1="3" ind2=" ">
    <subfield code="a">Environmental engineering for the twenty-first century</subfield>
  </datafield>
  <datafield tag="264" ind1=" " ind2="1">
    <subfield code="a">Washington, DC :</subfield>
    <subfield code="b">The National Academies Press,</subfield>
    <subfield code="c">[2019]</subfield>
  </datafield>
  <datafield tag="264" ind1=" " ind2="4">
    <subfield code="c">©2019</subfield>
  </datafield>
  <datafield tag="300" ind1=" " ind2=" ">
    <subfield code="a">xi, 108 pages :</subfield>
    <subfield code="b">color illustrations, color map ;</subfield>
    <subfield code="c">28 cm.</subfield>
  </datafield>
  <datafield tag="336" ind1=" " ind2=" ">
    <subfield code="a">text</subfield>
    <subfield code="b">txt</subfield>
    <subfield code="2">rdacontent</subfield>
  </datafield>
  <datafield tag="337" ind1=" " ind2=" ">
    <subfield code="a">unmediated</subfield>
    <subfield code="b">n</subfield>
    <subfield code="2">rdamedia</subfield>
  </datafield>
  <datafield tag="338" ind1=" " ind2=" ">
    <subfield code="a">volume</subfield>
    <subfield code="b">nc</subfield>
    <subfield code="2">rdacarrier</subfield>
  </datafield>
  <datafield tag="490" ind1="1" ind2=" ">
    <subfield code="a">A consensus study report of the National Academies of Sciences, Engineering, Medicine</subfield>
  </datafield>
  <datafield tag="504" ind1=" " ind2=" ">
    <subfield code="a">Includes bibliographical references.</subfield>
  </datafield>
  <datafield tag="505" ind1="0" ind2=" ">
    <subfield code="a">Grand challenge 1: sustainably supply food, water, and energy -- Grand challenge 2: curb climate change and adapt to its impacts -- Grand challenge 3: design a future without pollution or waste -- Grand challenge 4: create efficient, health, resilient cities -- Grand challenge 5: foster informed decisions and actions -- The ultimate challenge for environmental engineering: preparing the field to address a new future.</subfield>
  </datafield>
  <datafield tag="650" ind1=" " ind2="0">
    <subfield code="a">Environmental engineering</subfield>
    <subfield code="z">United States</subfield>
    <subfield code="y">21st century.</subfield>
  </datafield>
  <datafield tag="650" ind1=" " ind2="0">
    <subfield code="a">Environmental sciences</subfield>
    <subfield code="z">United States</subfield>
    <subfield code="y">21st century.</subfield>
  </datafield>
  <datafield tag="650" ind1=" " ind2="7">
    <subfield code="a">Environmental engineering.</subfield>
    <subfield code="2">fast</subfield>
    <subfield code="0">(OCoLC)fst00912934</subfield>
  </datafield>
  <datafield tag="650" ind1=" " ind2="7">
    <subfield code="a">Environmental sciences.</subfield>
    <subfield code="2">fast</subfield>
    <subfield code="0">(OCoLC)fst00913474</subfield>
  </datafield>
  <datafield tag="651" ind1=" " ind2="7">
    <subfield code="a">United States.</subfield>
    <subfield code="2">fast</subfield>
    <subfield code="0">(OCoLC)fst01204155</subfield>
  </datafield>
  <datafield tag="648" ind1=" " ind2="7">
    <subfield code="a">2000-2099</subfield>
    <subfield code="2">fast</subfield>
  </datafield>
  <datafield tag="710" ind1="2" ind2=" ">
    <subfield code="a">National Academies of Sciences, Engineering, and Medicine (U.S.).</subfield>
    <subfield code="b">Committee on the Grand Challenges and Opportunities in Environmental Engineering for the Twenty-First Century.</subfield>
  </datafield>
  <datafield tag="710" ind1="2" ind2=" ">
    <subfield code="a">National Academies of Sciences, Engineering, and Medicine (U.S.).</subfield>
    <subfield code="b">Division on Earth and Life Studies.</subfield>
  </datafield>
  <datafield tag="710" ind1="2" ind2=" ">
    <subfield code="a">National Academies of Sciences, Engineering, and Medicine (U.S.).</subfield>
    <subfield code="b">Division on Engineering and Physical Sciences.</subfield>
  </datafield>
  <datafield tag="710" ind1="2" ind2=" ">
    <subfield code="a">National Academy of Engineering.</subfield>
  </datafield>
  <datafield tag="710" ind1="2" ind2=" ">
    <subfield code="a">National Academies of Sciences, Engineering, and Medicine (U.S.).</subfield>
    <subfield code="b">Board on Agriculture and Natural Resources.</subfield>
  </datafield>
  <datafield tag="710" ind1="2" ind2=" ">
    <subfield code="a">National Academies of Sciences, Engineering, and Medicine (U.S.).</subfield>
    <subfield code="b">Division on Earth and Life Studies.</subfield>
    <subfield code="b">Board on Atmospheric Sciences and Climate.</subfield>
  </datafield>
  <datafield tag="710" ind1="2" ind2=" ">
    <subfield code="a">National Academies of Sciences, Engineering, and Medicine (U.S.).</subfield>
    <subfield code="b">Board on Chemical Sciences and Technology.</subfield>
  </datafield>
  <datafield tag="710" ind1="2" ind2=" ">
    <subfield code="a">National Academies of Sciences, Engineering, and Medicine (U.S.).</subfield>
    <subfield code="b">Board on Earth Sciences and Resources.</subfield>
  </datafield>
  <datafield tag="710" ind1="2" ind2=" ">
    <subfield code="a">National Academies of Sciences, Engineering, and Medicine (U.S.).</subfield>
    <subfield code="b">Board on Energy and Environmental Systems.</subfield>
  </datafield>
  <datafield tag="710" ind1="2" ind2=" ">
    <subfield code="a">National Academies of Sciences, Engineering, and Medicine (U.S.).</subfield>
    <subfield code="b">Board on Environmental Studies and Toxicology.</subfield>
  </datafield>
  <datafield tag="710" ind1="2" ind2=" ">
    <subfield code="a">National Academies of Sciences, Engineering, and Medicine (U.S.).</subfield>
    <subfield code="b">Board on Life Sciences.</subfield>
  </datafield>
  <datafield tag="710" ind1="2" ind2=" ">
    <subfield code="a">National Academies of Sciences, Engineering, and Medicine (U.S.).</subfield>
    <subfield code="b">NAE Office of Programs.</subfield>
  </datafield>
  <datafield tag="710" ind1="2" ind2=" ">
    <subfield code="a">National Academies of Sciences, Engineering, and Medicine (U.S.).</subfield>
    <subfield code="b">Ocean Studies Board.</subfield>
  </datafield>
  <datafield tag="710" ind1="2" ind2=" ">
    <subfield code="a">National Academies of Sciences, Engineering, and Medicine (U.S.).</subfield>
    <subfield code="b">Water Science and Technology Board.</subfield>
  </datafield>
  <datafield tag="776" ind1="0" ind2="8">
    <subfield code="i">Online version:</subfield>
    <subfield code="t">Environmental engineering for the 21st century : addressing grand challenges.</subfield>
    <subfield code="d">Washington, DC: National Academies Press, 2019</subfield>
    <subfield code="z">0309476526</subfield>
    <subfield code="w">(OCoLC)1082268200</subfield>
  </datafield>
  <datafield tag="830" ind1=" " ind2="0">
    <subfield code="a">Consensus study report.</subfield>
  </datafield>
</record>