
<record>
  <leader>03668cam a22004818i 4500</leader>
  <controlfield tag="001">21350439</controlfield>
  <controlfield tag="005">20200103125559.0</controlfield>
  <controlfield tag="008">200103s2020    riu      b    100 0 eng  </controlfield>
  <datafield tag="906" ind1=" " ind2=" ">
    <subfield code="a">7</subfield>
    <subfield code="b">cbc</subfield>
    <subfield code="c">orignew</subfield>
    <subfield code="d">1</subfield>
    <subfield code="e">ecip</subfield>
    <subfield code="f">20</subfield>
    <subfield code="g">y-gencatlg</subfield>
  </datafield>
  <datafield tag="925" ind1="0" ind2=" ">
    <subfield code="a">acquire</subfield>
    <subfield code="b">1 shelf copy</subfield>
    <subfield code="x">policy default</subfield>
  </datafield>
  <datafield tag="955" ind1=" " ind2=" ">
    <subfield code="b">rl12 2020-01-03</subfield>
    <subfield code="i">rl12 2020-01-03 to Dewey</subfield>
    <subfield code="w">xm06 2020-01-03</subfield>
  </datafield>
  <datafield tag="010" ind1=" " ind2=" ">
    <subfield code="a">  2019040097</subfield>
  </datafield>
  <datafield tag="020" ind1=" " ind2=" ">
    <subfield code="a">9781470451004</subfield>
    <subfield code="q">(paperback)</subfield>
  </datafield>
  <datafield tag="020" ind1=" " ind2=" ">
    <subfield code="z">9781470454548</subfield>
    <subfield code="q">(ebook)</subfield>
  </datafield>
  <datafield tag="040" ind1=" " ind2=" ">
    <subfield code="a">DLC</subfield>
    <subfield code="b">eng</subfield>
    <subfield code="e">rda</subfield>
    <subfield code="c">DLC</subfield>
  </datafield>
  <datafield tag="042" ind1=" " ind2=" ">
    <subfield code="a">pcc</subfield>
  </datafield>
  <datafield tag="050" ind1="0" ind2="0">
    <subfield code="a">QA843</subfield>
    <subfield code="b">.D959 2020</subfield>
  </datafield>
  <datafield tag="082" ind1="0" ind2="0">
    <subfield code="a">510</subfield>
    <subfield code="2">23</subfield>
  </datafield>
  <datafield tag="084" ind1=" " ind2=" ">
    <subfield code="a">11J70</subfield>
    <subfield code="a">20F65</subfield>
    <subfield code="a">22D40</subfield>
    <subfield code="a">30E05</subfield>
    <subfield code="a">37A15</subfield>
    <subfield code="a">37A20</subfield>
    <subfield code="a">37A30</subfield>
    <subfield code="a">37B05</subfield>
    <subfield code="a">54H20</subfield>
    <subfield code="a">60B15</subfield>
    <subfield code="2">msc</subfield>
  </datafield>
  <datafield tag="245" ind1="0" ind2="0">
    <subfield code="a">Dynamics :</subfield>
    <subfield code="b">topology and numbers : Conference on dynamics : topology and numbers, July 2-6, 2018, Max Planck Institute for Mathematics, Bonn, Germany /</subfield>
    <subfield code="c">Pieter Moree, Anke Pohl, L&apos;ubomir Snoha, Tom Ward, editors.</subfield>
  </datafield>
  <datafield tag="263" ind1=" " ind2=" ">
    <subfield code="a">2002</subfield>
  </datafield>
  <datafield tag="264" ind1=" " ind2="1">
    <subfield code="a">Providence, Rhode Island :</subfield>
    <subfield code="b">American Mathematical Society,</subfield>
    <subfield code="c">[2020]</subfield>
  </datafield>
  <datafield tag="300" ind1=" " ind2=" ">
    <subfield code="a">pages cm.</subfield>
  </datafield>
  <datafield tag="336" ind1=" " ind2=" ">
    <subfield code="a">text</subfield>
    <subfield code="b">txt</subfield>
    <subfield code="2">rdacontent</subfield>
  </datafield>
  <datafield tag="337" ind1=" " ind2=" ">
    <subfield code="a">unmediated</subfield>
    <subfield code="b">n</subfield>
    <subfield code="2">rdamedia</subfield>
  </datafield>
  <datafield tag="338" ind1=" " ind2=" ">
    <subfield code="a">volume</subfield>
    <subfield code="b">nc</subfield>
    <subfield code="2">rdacarrier</subfield>
  </datafield>
  <datafield tag="490" ind1="0" ind2=" ">
    <subfield code="a">Contemporary mathematics,</subfield>
    <subfield code="x">0271-4132 ;</subfield>
    <subfield code="v">volume 744</subfield>
  </datafield>
  <datafield tag="500" ind1=" " ind2=" ">
    <subfield code="a">This was the fourth conference at MPIM on the  theme of dynamical systems and its relationships with the diverse fields of number  theory, geometry, topology, ergodic theory, and combinatorics.</subfield>
  </datafield>
  <datafield tag="504" ind1=" " ind2=" ">
    <subfield code="a">Includes bibliographical references.</subfield>
  </datafield>
  <datafield tag="650" ind1=" " ind2="0">
    <subfield code="a">Dynamics</subfield>
    <subfield code="v">Congresses.</subfield>
  </datafield>
  <datafield tag="650" ind1=" " ind2="0">
    <subfield code="a">Number theory</subfield>
    <subfield code="v">Congresses.</subfield>
  </datafield>
  <datafield tag="650" ind1=" " ind2="0">
    <subfield code="a">Group theory</subfield>
    <subfield code="v">Congresses.</subfield>
  </datafield>
  <datafield tag="650" ind1=" " ind2="7">
    <subfield code="a">Number theory -- Diophantine approximation, transcendental number theory [See also 11K60] -- Continued fractions and generalizations [See also 11A55, 11K50].</subfield>
    <subfield code="2">msc</subfield>
  </datafield>
  <datafield tag="650" ind1=" " ind2="7">
    <subfield code="a">Group theory and generalizations -- Special aspects of infinite or finite groups -- Geometric group theory [See also 05C25, 20E08, 57Mxx].</subfield>
    <subfield code="2">msc</subfield>
  </datafield>
  <datafield tag="650" ind1=" " ind2="7">
    <subfield code="a">Topological groups, Lie groups {For transformation groups, see 54H15, 57Sxx, 58-XX. For abstract harmonic analysis, see 43-XX} -- Locally compact groups and their algebras -- Ergodic theory on groups</subfield>
    <subfield code="2">msc</subfield>
  </datafield>
  <datafield tag="650" ind1=" " ind2="7">
    <subfield code="a">Functions of a complex variable {For analysis on manifolds, see 58-XX} -- Miscellaneous topics of analysis in the complex domain -- Moment problems, interpolation problems.</subfield>
    <subfield code="2">msc</subfield>
  </datafield>
  <datafield tag="650" ind1=" " ind2="7">
    <subfield code="a">Dynamical systems and ergodic theory [See also 26A18, 28Dxx, 34Cxx, 34Dxx, 35Bxx, 46Lxx, 58Jxx, 70-XX] -- Ergodic theory [See also 28Dxx] -- General groups of measure-preserving transformations [See m</subfield>
    <subfield code="2">msc</subfield>
  </datafield>
  <datafield tag="650" ind1=" " ind2="7">
    <subfield code="a">Dynamical systems and ergodic theory [See also 26A18, 28Dxx, 34Cxx, 34Dxx, 35Bxx, 46Lxx, 58Jxx, 70-XX] -- Ergodic theory [See also 28Dxx] -- Orbit equivalence, cocycles, ergodic equivalence relations.</subfield>
    <subfield code="2">msc</subfield>
  </datafield>
  <datafield tag="650" ind1=" " ind2="7">
    <subfield code="a">Dynamical systems and ergodic theory [See also 26A18, 28Dxx, 34Cxx, 34Dxx, 35Bxx, 46Lxx, 58Jxx, 70-XX] -- Ergodic theory [See also 28Dxx] -- Ergodic theorems, spectral theory, Markov operators {For op</subfield>
    <subfield code="2">msc</subfield>
  </datafield>
  <datafield tag="650" ind1=" " ind2="7">
    <subfield code="a">Dynamical systems and ergodic theory [See also 26A18, 28Dxx, 34Cxx, 34Dxx, 35Bxx, 46Lxx, 58Jxx, 70-XX] -- Topological dynamics [See also 54H20] -- Transformations and group actions with special proper</subfield>
    <subfield code="2">msc</subfield>
  </datafield>
  <datafield tag="650" ind1=" " ind2="7">
    <subfield code="a">General topology {For the topology of manifolds of all dimensions, see 57Nxx} -- Connections with other structures, applications -- Topological dynamics [See also 28Dxx, 37Bxx].</subfield>
    <subfield code="2">msc</subfield>
  </datafield>
  <datafield tag="650" ind1=" " ind2="7">
    <subfield code="a">Probability theory and stochastic processes {For additional applications, see 11Kxx, 62-XX, 90-XX, 91-XX, 92-XX, 93-XX, 94-XX} -- Probability theory on algebraic and topological structures -- Probabil</subfield>
    <subfield code="2">msc</subfield>
  </datafield>
  <datafield tag="700" ind1="1" ind2=" ">
    <subfield code="a">Moree, Pieter,</subfield>
    <subfield code="d">1965-</subfield>
    <subfield code="e">editor.</subfield>
  </datafield>
</record>