
<record>
  <leader>02224nam a22002895i 4500</leader>
  <controlfield tag="001">21350444</controlfield>
  <controlfield tag="005">20200103085710.0</controlfield>
  <controlfield tag="008">200103s2020    cau           000 0 eng  </controlfield>
  <datafield tag="906" ind1=" " ind2=" ">
    <subfield code="a">0</subfield>
    <subfield code="b">ibc</subfield>
    <subfield code="c">orignew</subfield>
    <subfield code="d">2</subfield>
    <subfield code="e">epcn</subfield>
    <subfield code="f">20</subfield>
    <subfield code="g">y-gencatlg</subfield>
  </datafield>
  <datafield tag="925" ind1="0" ind2=" ">
    <subfield code="a">acquire</subfield>
    <subfield code="b">1 shelf copy</subfield>
    <subfield code="x">policy default</subfield>
  </datafield>
  <datafield tag="955" ind1=" " ind2=" ">
    <subfield code="b">xd13 2020-01-03</subfield>
  </datafield>
  <datafield tag="010" ind1=" " ind2=" ">
    <subfield code="a">  2020930071</subfield>
  </datafield>
  <datafield tag="020" ind1=" " ind2=" ">
    <subfield code="a">9789353882518</subfield>
    <subfield code="q">(paperback)</subfield>
  </datafield>
  <datafield tag="020" ind1=" " ind2=" ">
    <subfield code="z">9789353882532</subfield>
    <subfield code="q">(ebook)</subfield>
  </datafield>
  <datafield tag="020" ind1=" " ind2=" ">
    <subfield code="z">9789353882525</subfield>
    <subfield code="q">(epub)</subfield>
  </datafield>
  <datafield tag="040" ind1=" " ind2=" ">
    <subfield code="a">DLC</subfield>
    <subfield code="b">eng</subfield>
    <subfield code="e">rda</subfield>
    <subfield code="c">DLC</subfield>
  </datafield>
  <datafield tag="042" ind1=" " ind2=" ">
    <subfield code="a">pcc</subfield>
  </datafield>
  <datafield tag="100" ind1="1" ind2=" ">
    <subfield code="a">Chaudhari, Gauri,</subfield>
    <subfield code="e">author.</subfield>
  </datafield>
  <datafield tag="245" ind1="1" ind2="4">
    <subfield code="a">The perfect pill :</subfield>
    <subfield code="b">10 steps to build a strong healthcare brand /</subfield>
    <subfield code="c">Gauri Chaudhari.</subfield>
  </datafield>
  <datafield tag="250" ind1=" " ind2=" ">
    <subfield code="a">1.</subfield>
  </datafield>
  <datafield tag="263" ind1=" " ind2=" ">
    <subfield code="a">2002</subfield>
  </datafield>
  <datafield tag="264" ind1=" " ind2="1">
    <subfield code="a">Thousand Oaks :</subfield>
    <subfield code="b">SAGE Publishing,</subfield>
    <subfield code="c">2020.</subfield>
  </datafield>
  <datafield tag="300" ind1=" " ind2=" ">
    <subfield code="a">pages cm</subfield>
  </datafield>
  <datafield tag="336" ind1=" " ind2=" ">
    <subfield code="a">text</subfield>
    <subfield code="b">txt</subfield>
    <subfield code="2">rdacontent</subfield>
  </datafield>
  <datafield tag="337" ind1=" " ind2=" ">
    <subfield code="a">unmediated</subfield>
    <subfield code="b">n</subfield>
    <subfield code="2">rdamedia</subfield>
  </datafield>
  <datafield tag="338" ind1=" " ind2=" ">
    <subfield code="a">volume</subfield>
    <subfield code="b">nc</subfield>
    <subfield code="2">rdacarrier</subfield>
  </datafield>
  <datafield tag="520" ind1=" " ind2=" ">
    <subfield code="a">&quot;&apos;How can I build my brand when it is just a me-too?&apos; is the quintessential question asked by every health care professional in India. With over a hundred brands of the same kind and a plethora of patented yet very similar molecules, brand building and creating a competitive advantage are challenging in the Indian health care industry. The Perfect Pill propagates a robust, 10-step, health care brand-building model that helps you create the much-needed differentiation that results in unique customer value. The steps suggested in the book help in establishing an ultimate win-win situation for patients, doctors, and sales and marketing teams. &apos;Indian pharmaceutical Industry is rightly called the pharmacy of the world. Brand is fundamental and patient is at the center of what we do in this industry. This book is timely and puts focus on patient insights, which is key in taking forward the agenda of value creation both for patients and companies. The Perfect Pill will be a useful book for all interested in the health care space and will serve as thought starter for making a real difference in this sunrise sector.&apos; Sudarshan Jain Secretary General, Indian Pharmaceutical Alliance and Former MD, Abbott Healthcare Gauri Chaudhari is the Co-founder of Brand Innerworld, the health care brand-building consultancy&quot;--</subfield>
    <subfield code="c">Provided by publisher.</subfield>
  </datafield>
</record>