
<record>
  <leader>03003cam a22004095i 4500</leader>
  <controlfield tag="001">21350463</controlfield>
  <controlfield tag="005">20200103090840.0</controlfield>
  <controlfield tag="008">200103s2019    sa a     b    001 0 eng d</controlfield>
  <datafield tag="906" ind1=" " ind2=" ">
    <subfield code="a">0</subfield>
    <subfield code="b">ibc</subfield>
    <subfield code="c">copycat</subfield>
    <subfield code="d">2</subfield>
    <subfield code="e">ncip</subfield>
    <subfield code="f">20</subfield>
    <subfield code="g">y-gencatlg</subfield>
  </datafield>
  <datafield tag="925" ind1="0" ind2=" ">
    <subfield code="a">acquire</subfield>
    <subfield code="b">1 shelf copy</subfield>
    <subfield code="x">policy default</subfield>
  </datafield>
  <datafield tag="955" ind1=" " ind2=" ">
    <subfield code="b">bc22 2020-01-03 z-processor</subfield>
    <subfield code="i">bc22 2020-01-03 to review</subfield>
  </datafield>
  <datafield tag="010" ind1=" " ind2=" ">
    <subfield code="a">  2019400642</subfield>
  </datafield>
  <datafield tag="020" ind1=" " ind2=" ">
    <subfield code="a">9781770106758</subfield>
    <subfield code="q">(paperback)</subfield>
  </datafield>
  <datafield tag="020" ind1=" " ind2=" ">
    <subfield code="a">1770106758</subfield>
    <subfield code="q">(paperback)</subfield>
  </datafield>
  <datafield tag="020" ind1=" " ind2=" ">
    <subfield code="z">9781770106772</subfield>
    <subfield code="q">(e-ISBN)</subfield>
  </datafield>
  <datafield tag="035" ind1=" " ind2=" ">
    <subfield code="a">(OCoLC)on1112316573</subfield>
  </datafield>
  <datafield tag="040" ind1=" " ind2=" ">
    <subfield code="a">Z5F</subfield>
    <subfield code="b">eng</subfield>
    <subfield code="c">Z5F</subfield>
    <subfield code="e">rda</subfield>
    <subfield code="d">OH#</subfield>
    <subfield code="d">OI@</subfield>
    <subfield code="d">OCLCF</subfield>
    <subfield code="d">OH#</subfield>
    <subfield code="d">Y8N</subfield>
    <subfield code="d">EEM</subfield>
    <subfield code="d">GZM</subfield>
    <subfield code="d">DLC</subfield>
  </datafield>
  <datafield tag="042" ind1=" " ind2=" ">
    <subfield code="a">lccopycat</subfield>
  </datafield>
  <datafield tag="043" ind1=" " ind2=" ">
    <subfield code="a">f-sa---</subfield>
  </datafield>
  <datafield tag="050" ind1="0" ind2="0">
    <subfield code="a">JQ1929.C6</subfield>
    <subfield code="b">J66 2019</subfield>
  </datafield>
  <datafield tag="100" ind1="1" ind2=" ">
    <subfield code="a">Jonas, Mcebisi,</subfield>
    <subfield code="e">author.</subfield>
  </datafield>
  <datafield tag="245" ind1="1" ind2="0">
    <subfield code="a">After dawn :</subfield>
    <subfield code="b">hope after state capture /</subfield>
    <subfield code="c">Jonas Mcebisi ; foreword by President Ramaphosa.</subfield>
  </datafield>
  <datafield tag="264" ind1=" " ind2="0">
    <subfield code="a">Johannesburg :</subfield>
    <subfield code="b">Picador Africa,</subfield>
    <subfield code="c">2019.</subfield>
  </datafield>
  <datafield tag="300" ind1=" " ind2=" ">
    <subfield code="a">xviii, 277 pages :</subfield>
    <subfield code="b">illustrations ;</subfield>
    <subfield code="c">23 cm</subfield>
  </datafield>
  <datafield tag="336" ind1=" " ind2=" ">
    <subfield code="a">text</subfield>
    <subfield code="b">txt</subfield>
    <subfield code="2">rdacontent</subfield>
  </datafield>
  <datafield tag="337" ind1=" " ind2=" ">
    <subfield code="a">unmediated</subfield>
    <subfield code="b">n</subfield>
    <subfield code="2">rdamedia</subfield>
  </datafield>
  <datafield tag="338" ind1=" " ind2=" ">
    <subfield code="a">volume</subfield>
    <subfield code="b">nc</subfield>
    <subfield code="2">rdacarrier</subfield>
  </datafield>
  <datafield tag="504" ind1=" " ind2=" ">
    <subfield code="a">Includes bibliographical references and index.</subfield>
  </datafield>
  <datafield tag="520" ind1=" " ind2=" ">
    <subfield code="a">&quot;In October 2015, the Gupta brothers offered Mcebisi Jonas the position of minister of finance in exchange for R600 million. Then deputy minister of finance, Jonas turned down the bribe and a period of deep introspection followed for him. How did we reach this point, and what did the future hold for South Africa&apos;s democracy and the economy? In After Dawn, Mcebisi Jonas analyses the crisis at the heart of our current system, which places politics at the centre of policymaking and implementation at the expense of growth. In this important and authoritative book, Jonas first unpacks and analyses the current badlands of the South African economic and political landscape. In the second half, Jonas proposes a series of workable and practical solutions for transitioning South Africa into a growing, job-creating country including: Putting inclusive growth at the centre of economic policy; rapidly expanding new technological capacities and knowledge to transition to a twenty-first-century economy; expanding human capabilities at scale; path-changing trade-offs to catalyse the next phase of South Africa&apos;s development; nurturing a corruption-free, high-performance state built on meritocracy and innovation; and changing the nature of politics. Time is of the essence and the window of opportunity is narrowing for all South Africans to work together towards the South Africa we all imagined was possible in 1994&quot;--Back cover.</subfield>
  </datafield>
  <datafield tag="650" ind1=" " ind2="0">
    <subfield code="a">Political corruption</subfield>
    <subfield code="z">South Africa.</subfield>
  </datafield>
  <datafield tag="650" ind1=" " ind2="0">
    <subfield code="a">Country risk</subfield>
    <subfield code="z">South Africa.</subfield>
  </datafield>
  <datafield tag="651" ind1=" " ind2="0">
    <subfield code="a">South Africa</subfield>
    <subfield code="x">Politics and government.</subfield>
  </datafield>
  <datafield tag="650" ind1=" " ind2="7">
    <subfield code="a">Country risk.</subfield>
    <subfield code="2">fast</subfield>
    <subfield code="0">(OCoLC)fst00881448</subfield>
  </datafield>
  <datafield tag="650" ind1=" " ind2="7">
    <subfield code="a">Political corruption.</subfield>
    <subfield code="2">fast</subfield>
    <subfield code="0">(OCoLC)fst01069240</subfield>
  </datafield>
  <datafield tag="650" ind1=" " ind2="7">
    <subfield code="a">Politics and government.</subfield>
    <subfield code="2">fast</subfield>
    <subfield code="0">(OCoLC)fst01919741</subfield>
  </datafield>
  <datafield tag="651" ind1=" " ind2="7">
    <subfield code="a">South Africa.</subfield>
    <subfield code="2">fast</subfield>
    <subfield code="0">(OCoLC)fst01204616</subfield>
  </datafield>
  <datafield tag="700" ind1="1" ind2=" ">
    <subfield code="a">Ramaphosa, Cyril,</subfield>
    <subfield code="e">writer of foreword.</subfield>
  </datafield>
</record>