
<record>
  <leader>03137cam a22004215i 4500</leader>
  <controlfield tag="001">21350479</controlfield>
  <controlfield tag="005">20200103092044.0</controlfield>
  <controlfield tag="008">200103t20192019sa a     b    000 0 eng d</controlfield>
  <datafield tag="906" ind1=" " ind2=" ">
    <subfield code="a">0</subfield>
    <subfield code="b">ibc</subfield>
    <subfield code="c">copycat</subfield>
    <subfield code="d">3</subfield>
    <subfield code="e">ncip</subfield>
    <subfield code="f">20</subfield>
    <subfield code="g">y-gencatlg</subfield>
  </datafield>
  <datafield tag="925" ind1="0" ind2=" ">
    <subfield code="a">acquire</subfield>
    <subfield code="b">1 shelf copy</subfield>
    <subfield code="x">policy default</subfield>
  </datafield>
  <datafield tag="955" ind1=" " ind2=" ">
    <subfield code="b">bc22 2020-01-03 z-processor</subfield>
    <subfield code="i">bc22 2020-01-03 to review</subfield>
  </datafield>
  <datafield tag="010" ind1=" " ind2=" ">
    <subfield code="a">  2019400643</subfield>
  </datafield>
  <datafield tag="020" ind1=" " ind2=" ">
    <subfield code="a">9781868429806</subfield>
    <subfield code="q">(paperback)</subfield>
  </datafield>
  <datafield tag="020" ind1=" " ind2=" ">
    <subfield code="a">1868429806</subfield>
    <subfield code="q">(paperback)</subfield>
  </datafield>
  <datafield tag="020" ind1=" " ind2=" ">
    <subfield code="z">9781868429813</subfield>
    <subfield code="q">(e-Book)</subfield>
  </datafield>
  <datafield tag="035" ind1=" " ind2=" ">
    <subfield code="a">(OCoLC)on1117696618</subfield>
  </datafield>
  <datafield tag="040" ind1=" " ind2=" ">
    <subfield code="a">OI@</subfield>
    <subfield code="b">eng</subfield>
    <subfield code="c">OI@</subfield>
    <subfield code="e">rda</subfield>
    <subfield code="d">OI@</subfield>
    <subfield code="d">Z@L</subfield>
    <subfield code="d">OCLCF</subfield>
    <subfield code="d">EEM</subfield>
    <subfield code="d">DLC</subfield>
  </datafield>
  <datafield tag="042" ind1=" " ind2=" ">
    <subfield code="a">lccopycat</subfield>
  </datafield>
  <datafield tag="043" ind1=" " ind2=" ">
    <subfield code="a">f-sa---</subfield>
  </datafield>
  <datafield tag="050" ind1="0" ind2="0">
    <subfield code="a">G530.O34</subfield>
    <subfield code="b">P45 2019</subfield>
  </datafield>
  <datafield tag="082" ind1="0" ind2="4">
    <subfield code="a">910.452</subfield>
    <subfield code="2">23</subfield>
  </datafield>
  <datafield tag="100" ind1="1" ind2=" ">
    <subfield code="a">Pike, Andrew,</subfield>
    <subfield code="e">author.</subfield>
  </datafield>
  <datafield tag="245" ind1="1" ind2="0">
    <subfield code="a">Against all odds :</subfield>
    <subfield code="b">the epic story of the Oceanos rescue /</subfield>
    <subfield code="c">Andew Pike.</subfield>
  </datafield>
  <datafield tag="264" ind1=" " ind2="1">
    <subfield code="a">Johannesburg :</subfield>
    <subfield code="b">Jonathan Ball Publishers,</subfield>
    <subfield code="c">2019.</subfield>
  </datafield>
  <datafield tag="264" ind1=" " ind2="4">
    <subfield code="c">©2019</subfield>
  </datafield>
  <datafield tag="300" ind1=" " ind2=" ">
    <subfield code="a">xiii, 242 pages :</subfield>
    <subfield code="b">illustrations ;</subfield>
    <subfield code="c">24 cm</subfield>
  </datafield>
  <datafield tag="336" ind1=" " ind2=" ">
    <subfield code="a">text</subfield>
    <subfield code="b">txt</subfield>
    <subfield code="2">rdacontent</subfield>
  </datafield>
  <datafield tag="337" ind1=" " ind2=" ">
    <subfield code="a">unmediated</subfield>
    <subfield code="b">n</subfield>
    <subfield code="2">rdamedia</subfield>
  </datafield>
  <datafield tag="338" ind1=" " ind2=" ">
    <subfield code="a">volume</subfield>
    <subfield code="b">nc</subfield>
    <subfield code="2">rdacarrier</subfield>
  </datafield>
  <datafield tag="504" ind1=" " ind2=" ">
    <subfield code="a">Includes bibliographical references (page 240).</subfield>
  </datafield>
  <datafield tag="505" ind1="0" ind2=" ">
    <subfield code="a">A deal too good to miss -- All aboard -- Setting sail -- Mayday! -- Action stations ashore -- To the lifeboats -- 15 Squadron mobilises -- All at sea -- The Haven -- Awaiting the cavalry -- Last ones standing -- Going down -- Survivors ahoy! -- The investigation -- &apos;Abandon is for everybody&apos; -- Lessons from black swans</subfield>
  </datafield>
  <datafield tag="520" ind1=" " ind2=" ">
    <subfield code="a">&quot;Recording the time as 12.05 am and date as 4 August, musician Moss Hills added calmly: &quot;So I guess we&apos;re going down&quot;. In August 1991, excited holiday-makers boarded the Oceanos at East London for the trip of a lifetime. Despite treacherous weather, the captain ordered the ship to set sail for Durban. And so began the ill-fated voyage. Hurricane force winds and giant rogue waves aggravated the hostile storm. Soon the ship started taking water. Panicked senior crew members scrambled into lifeboats leaving the ship&apos;s evacuation to the on-board entertainers. At one point, a musician manned the bridge, at another, a magician. Women and children clambered aboard lifeboats which were launched into terrifying seas, leaving their husbands behind, unsure if they would see each other again. After all the operational lifeboats had been utilised, 221 passengers and junior crew were left stranded on the rapidly sinking ship. During this catastrophe the South African Air Force embarked on their biggest air rescue ever, with helicopter crews and Navy divers risking everything to evacuate the remaining passengers. In Against all Odds, maritime lawyer Andrew Pike, who was part of the legal investigation into the Oceanos&apos; sinking, recreates the compelling drama and extraordinary heroism of the greatest maritime rescue in South African history&quot;--Back cover.</subfield>
  </datafield>
  <datafield tag="610" ind1="2" ind2="0">
    <subfield code="a">Oceanos (Ship)</subfield>
  </datafield>
  <datafield tag="650" ind1=" " ind2="0">
    <subfield code="a">Shipwrecks</subfield>
    <subfield code="z">South Africa.</subfield>
  </datafield>
  <datafield tag="650" ind1=" " ind2="0">
    <subfield code="a">Shipwreck survival</subfield>
    <subfield code="z">South Africa.</subfield>
  </datafield>
  <datafield tag="650" ind1=" " ind2="7">
    <subfield code="a">Shipwreck survival.</subfield>
    <subfield code="2">fast</subfield>
    <subfield code="0">(OCoLC)fst01761960</subfield>
  </datafield>
  <datafield tag="650" ind1=" " ind2="7">
    <subfield code="a">Shipwrecks.</subfield>
    <subfield code="2">fast</subfield>
    <subfield code="0">(OCoLC)fst01116638</subfield>
  </datafield>
  <datafield tag="651" ind1=" " ind2="7">
    <subfield code="a">South Africa.</subfield>
    <subfield code="2">fast</subfield>
    <subfield code="0">(OCoLC)fst01204616</subfield>
  </datafield>
</record>