
<record>
  <leader>01825cjm a2200325 a 4500</leader>
  <controlfield tag="001">21350481</controlfield>
  <controlfield tag="005">20200103094001.0</controlfield>
  <controlfield tag="007">sd fsngnnmmned</controlfield>
  <controlfield tag="008">200103s1993    ncumun|           | eng d</controlfield>
  <datafield tag="906" ind1=" " ind2=" ">
    <subfield code="a">7</subfield>
    <subfield code="b">cbc</subfield>
    <subfield code="c">copycat</subfield>
    <subfield code="d">2</subfield>
    <subfield code="e">ncip</subfield>
    <subfield code="f">20</subfield>
    <subfield code="g">y-soundrec</subfield>
  </datafield>
  <datafield tag="925" ind1="0" ind2=" ">
    <subfield code="a">acquire</subfield>
    <subfield code="b">2 shelf copies</subfield>
    <subfield code="x">policy default</subfield>
  </datafield>
  <datafield tag="955" ind1=" " ind2=" ">
    <subfield code="a">qr12 2020-01-03 z-client</subfield>
    <subfield code="i">qr12 2020-01-03</subfield>
  </datafield>
  <datafield tag="010" ind1=" " ind2=" ">
    <subfield code="a">  2020615820</subfield>
  </datafield>
  <datafield tag="028" ind1="0" ind2="2">
    <subfield code="a">MR0063</subfield>
    <subfield code="b">Mammoth Records</subfield>
  </datafield>
  <datafield tag="035" ind1=" " ind2=" ">
    <subfield code="a">(OCoLC)ocm49315950</subfield>
  </datafield>
  <datafield tag="040" ind1=" " ind2=" ">
    <subfield code="a">FTL</subfield>
    <subfield code="b">eng</subfield>
    <subfield code="c">FTL</subfield>
    <subfield code="d">OCLCQ</subfield>
    <subfield code="d">OCLCF</subfield>
    <subfield code="d">OCLCO</subfield>
    <subfield code="d">OCLCQ</subfield>
    <subfield code="d">DLC</subfield>
  </datafield>
  <datafield tag="042" ind1=" " ind2=" ">
    <subfield code="a">lccopycat</subfield>
  </datafield>
  <datafield tag="050" ind1="0" ind2="0">
    <subfield code="a">SDD 32408</subfield>
  </datafield>
  <datafield tag="245" ind1="0" ind2="0">
    <subfield code="a">Cocktails at five :</subfield>
    <subfield code="b">Mammoth&apos;s first five years.</subfield>
  </datafield>
  <datafield tag="246" ind1="3" ind2="0">
    <subfield code="a">Mammoth&apos;s first five years</subfield>
  </datafield>
  <datafield tag="260" ind1=" " ind2=" ">
    <subfield code="a">Carrboro, NC :</subfield>
    <subfield code="b">Mammoth Records,</subfield>
    <subfield code="c">℗1993.</subfield>
  </datafield>
  <datafield tag="300" ind1=" " ind2=" ">
    <subfield code="a">2 audio discs :</subfield>
    <subfield code="b">digital ;</subfield>
    <subfield code="c">4 3/4 in.</subfield>
  </datafield>
  <datafield tag="336" ind1=" " ind2=" ">
    <subfield code="a">performed music</subfield>
    <subfield code="b">prm</subfield>
    <subfield code="2">rdacontent</subfield>
  </datafield>
  <datafield tag="337" ind1=" " ind2=" ">
    <subfield code="a">audio</subfield>
    <subfield code="b">s</subfield>
    <subfield code="2">rdamedia</subfield>
  </datafield>
  <datafield tag="338" ind1=" " ind2=" ">
    <subfield code="a">audio disc</subfield>
    <subfield code="b">sd</subfield>
    <subfield code="2">rdacarrier</subfield>
  </datafield>
  <datafield tag="511" ind1="0" ind2=" ">
    <subfield code="a">Various performers.</subfield>
  </datafield>
  <datafield tag="500" ind1=" " ind2=" ">
    <subfield code="a">Compact discs.</subfield>
  </datafield>
  <datafield tag="505" ind1="0" ind2="0">
    <subfield code="t">My sister (Juliana Hatfield) --</subfield>
    <subfield code="t">Butterfly wings (Machines of loving Grace) --</subfield>
    <subfield code="t">Connie, I&apos;ve found the door (Chainsaw Kittens) --</subfield>
    <subfield code="t">Labour of love (Frente!) --</subfield>
    <subfield code="t">Blacked eyed Susan (Dillon Fence) --</subfield>
    <subfield code="t">Out there (Blake Babies) --</subfield>
    <subfield code="t">Fireman&apos;s wedding (Joe Henry) --</subfield>
    <subfield code="t">For now (Antenna) --</subfield>
    <subfield code="t">Yellow (Vanilla Trainwreck) --</subfield>
    <subfield code="t">Too much (The Bats) --</subfield>
    <subfield code="t">Daddy&apos;s at the wheel (Big Wheel) --</subfield>
    <subfield code="t">Everybody loves me (Juliana Hatfield) --</subfield>
    <subfield code="t">Rite of shiva (Machines of Loving Grace) --</subfield>
    <subfield code="t">Mother (of the ancient birth) (Chainsaw Kittens) --</subfield>
    <subfield code="t">Summer of drugs (Victoria Williams) --</subfield>
    <subfield code="t">Daylight (Dillon Fence) --</subfield>
    <subfield code="t">Cesspool (Blake Babies) --</subfield>
    <subfield code="t">Short man&apos;s room (Joe Henry) --</subfield>
    <subfield code="t">Shine (Antenna) --</subfield>
    <subfield code="t">Colorbomb (Vanilla Trainwreck) --</subfield>
    <subfield code="t">The black and the blue (The Bats) --</subfield>
    <subfield code="t">High and mighty (Big Wheel).</subfield>
  </datafield>
  <datafield tag="650" ind1=" " ind2="0">
    <subfield code="a">Rock music</subfield>
    <subfield code="y">1991-2000.</subfield>
  </datafield>
  <datafield tag="650" ind1=" " ind2="0">
    <subfield code="a">Popular music</subfield>
    <subfield code="y">1991-2000.</subfield>
  </datafield>
</record>