
<record>
  <leader>03919cam a22005055i 4500</leader>
  <controlfield tag="001">21350486</controlfield>
  <controlfield tag="005">20200103094049.0</controlfield>
  <controlfield tag="008">200103t20192019sz ac    bc   000 0deng d</controlfield>
  <datafield tag="906" ind1=" " ind2=" ">
    <subfield code="a">0</subfield>
    <subfield code="b">ibc</subfield>
    <subfield code="c">copycat</subfield>
    <subfield code="d">3</subfield>
    <subfield code="e">ncip</subfield>
    <subfield code="f">20</subfield>
    <subfield code="g">y-gencatlg</subfield>
  </datafield>
  <datafield tag="925" ind1="0" ind2=" ">
    <subfield code="a">acquire</subfield>
    <subfield code="b">1 shelf copy</subfield>
    <subfield code="x">policy default</subfield>
  </datafield>
  <datafield tag="955" ind1=" " ind2=" ">
    <subfield code="b">ff16 2020-01-03 z-processor</subfield>
    <subfield code="a">ff00 2020-01-03 to GS/SBCG</subfield>
  </datafield>
  <datafield tag="010" ind1=" " ind2=" ">
    <subfield code="a">  2019455218</subfield>
  </datafield>
  <datafield tag="020" ind1=" " ind2=" ">
    <subfield code="a">9783858818362</subfield>
    <subfield code="q">(softback)</subfield>
  </datafield>
  <datafield tag="020" ind1=" " ind2=" ">
    <subfield code="a">3858818364</subfield>
    <subfield code="q">(softback)</subfield>
  </datafield>
  <datafield tag="035" ind1=" " ind2=" ">
    <subfield code="a">(OCoLC)on1104689624</subfield>
  </datafield>
  <datafield tag="040" ind1=" " ind2=" ">
    <subfield code="a">YDX</subfield>
    <subfield code="b">eng</subfield>
    <subfield code="c">YDX</subfield>
    <subfield code="e">rda</subfield>
    <subfield code="d">ERASA</subfield>
    <subfield code="d">MSR</subfield>
    <subfield code="d">OCLCO</subfield>
    <subfield code="d">OHX</subfield>
    <subfield code="d">CNNGC</subfield>
    <subfield code="d">NLGGC</subfield>
    <subfield code="d">OCLCF</subfield>
    <subfield code="d">UIU</subfield>
    <subfield code="d">JPG</subfield>
    <subfield code="d">DLC</subfield>
  </datafield>
  <datafield tag="042" ind1=" " ind2=" ">
    <subfield code="a">lccopycat</subfield>
  </datafield>
  <datafield tag="082" ind1="0" ind2="4">
    <subfield code="a">709.04</subfield>
    <subfield code="2">23</subfield>
  </datafield>
  <datafield tag="097" ind1="0" ind2="0">
    <subfield code="a">NB553.M39</subfield>
    <subfield code="b">A4 2019</subfield>
  </datafield>
  <datafield tag="245" ind1="0" ind2="0">
    <subfield code="a">Matisse :</subfield>
    <subfield code="b">metamorphoses /</subfield>
    <subfield code="c">edited by Zürcher Kunstgesellschaft/Kunsthaus Zürich ; idea and concept, Sandra Gianfreda.</subfield>
  </datafield>
  <datafield tag="246" ind1="3" ind2="0">
    <subfield code="a">Metamorphoses</subfield>
  </datafield>
  <datafield tag="264" ind1=" " ind2="1">
    <subfield code="a">Zurich, Switzerland :</subfield>
    <subfield code="b">Scheidegger &amp; Spiess,</subfield>
    <subfield code="c">[2019]</subfield>
  </datafield>
  <datafield tag="264" ind1=" " ind2="4">
    <subfield code="c">©2019</subfield>
  </datafield>
  <datafield tag="300" ind1=" " ind2=" ">
    <subfield code="a">228 pages :</subfield>
    <subfield code="b">illustrations (chiefly color), portraits ;</subfield>
    <subfield code="c">27 cm</subfield>
  </datafield>
  <datafield tag="336" ind1=" " ind2=" ">
    <subfield code="a">text</subfield>
    <subfield code="b">txt</subfield>
    <subfield code="2">rdacontent</subfield>
  </datafield>
  <datafield tag="336" ind1=" " ind2=" ">
    <subfield code="a">still image</subfield>
    <subfield code="b">sti</subfield>
    <subfield code="2">rdacontent</subfield>
  </datafield>
  <datafield tag="337" ind1=" " ind2=" ">
    <subfield code="a">unmediated</subfield>
    <subfield code="b">n</subfield>
    <subfield code="2">rdamedia</subfield>
  </datafield>
  <datafield tag="338" ind1=" " ind2=" ">
    <subfield code="a">volume</subfield>
    <subfield code="b">nc</subfield>
    <subfield code="2">rdacarrier</subfield>
  </datafield>
  <datafield tag="500" ind1=" " ind2=" ">
    <subfield code="a">Catalog of an exhibition held at the Kunsthaus Zürich, Switzerland, August 30-December 8, 2019, and at the Musée Matisse, Nice, France, February 7-May 6, 2020.</subfield>
  </datafield>
  <datafield tag="504" ind1=" " ind2=" ">
    <subfield code="a">Includes bibliographical references.</subfield>
  </datafield>
  <datafield tag="505" ind1="2" ind2=" ">
    <subfield code="a">Matisse - metamorphoses : introduction / Sandra Gianfreda -- Africa and Eros in Matisse&apos;s sculpture / Ellen McBreen -- Bifurcations in the process : temporal dimensions in Matisse&apos;s oeuvre / Bärbel Küster -- A &quot;cinema of the sensibility&quot; : the role and modalities of &quot;states&quot; in Henri Matisse&apos;s work / Gaku Kondo -- &quot;Living pillars&quot; : The backs of Henri Matisse / Claudiine Grammont -- Short biography of Henri Matisse (focusing on sculpture) / Christian M. Schweizer.</subfield>
  </datafield>
  <datafield tag="520" ind1="8" ind2=" ">
    <subfield code="a">Henri Matisse (1869-1954) is adored worldwide as a revolutionary painter and loved for his collages, or papiers découpés, the icons of his late work. His work in painting and drawing for a long time overshadowed his achievements as a sculptor. Yet his Back Series, four bas-reliefs created between 1908 and 1930, are revered as a milestone in modern sculpture. Starting out from a naturalistic depiction, Matisse gradually transformed it to reach a radically abstracted figure. Each of the four original plaster casts represents a decisive moment of this artistic process. This transformative process has parallels in Matisse&apos;s painting and drawing. Published in conjunction with a major exhibition at Kunsthaus Zürich marking the artist&apos;s 150th anniversary, this is the first book to explore the relation between metamorphosis and feedback in both main fields of the artist&apos;s work. His diverse sources of inspiration for his sculptures, photographs of nudes, examples from African and ancient art, as well as photographs featuring Matisse at work as sculptor, round out this volume. It is a welcome addition to any art library, highlighting the lesser known side of this modern master. Exhibition: Kunsthaus Zürich, Switzerland (30.08. - 08.12.2019).</subfield>
  </datafield>
  <datafield tag="600" ind1="1" ind2="0">
    <subfield code="a">Matisse, Henri,</subfield>
    <subfield code="d">1869-1954</subfield>
    <subfield code="v">Exhibitions.</subfield>
  </datafield>
  <datafield tag="600" ind1="1" ind2="0">
    <subfield code="a">Matisse, Henri,</subfield>
    <subfield code="d">1869-1954</subfield>
    <subfield code="x">Sources</subfield>
    <subfield code="v">Exhibitions.</subfield>
  </datafield>
  <datafield tag="600" ind1="1" ind2="4">
    <subfield code="a">Matisse, Henri,</subfield>
    <subfield code="d">1869-1954.</subfield>
  </datafield>
  <datafield tag="600" ind1="1" ind2="6">
    <subfield code="a">Matisse, Henri,</subfield>
    <subfield code="d">1869-1954</subfield>
    <subfield code="v">Expositions.</subfield>
  </datafield>
  <datafield tag="600" ind1="1" ind2="7">
    <subfield code="a">Matisse, Henri,</subfield>
    <subfield code="d">1869-1954.</subfield>
    <subfield code="2">fast</subfield>
    <subfield code="0">(OCoLC)fst00035416</subfield>
  </datafield>
  <datafield tag="650" ind1=" " ind2="7">
    <subfield code="a">History</subfield>
    <subfield code="x">Sources.</subfield>
    <subfield code="2">fast</subfield>
    <subfield code="0">(OCoLC)fst00958295</subfield>
  </datafield>
  <datafield tag="655" ind1=" " ind2="7">
    <subfield code="a">Exhibition catalogs.</subfield>
    <subfield code="2">fast</subfield>
    <subfield code="0">(OCoLC)fst01424028</subfield>
  </datafield>
  <datafield tag="700" ind1="1" ind2=" ">
    <subfield code="a">Gianfreda, Sandra,</subfield>
    <subfield code="e">contributor,</subfield>
    <subfield code="e">writer of introduction.</subfield>
  </datafield>
  <datafield tag="700" ind1="1" ind2="2">
    <subfield code="a">Matisse, Henri,</subfield>
    <subfield code="d">1869-1954.</subfield>
    <subfield code="t">Sculptures.</subfield>
    <subfield code="k">Selections.</subfield>
  </datafield>
  <datafield tag="710" ind1="2" ind2=" ">
    <subfield code="a">Zürcher Kunstgesellschaft,</subfield>
    <subfield code="e">editor.</subfield>
  </datafield>
  <datafield tag="710" ind1="2" ind2=" ">
    <subfield code="a">Kunsthaus Zürich,</subfield>
    <subfield code="e">editor,</subfield>
    <subfield code="e">host institution.</subfield>
  </datafield>
  <datafield tag="710" ind1="2" ind2=" ">
    <subfield code="a">Musée Matisse,</subfield>
    <subfield code="e">host institution.</subfield>
  </datafield>
  <datafield tag="923" ind1=" " ind2=" ">
    <subfield code="a">exchange</subfield>
    <subfield code="d">2019-11-26</subfield>
    <subfield code="s">94002683</subfield>
  </datafield>
</record>