
<record>
  <leader>02543cam a22003495a 4500</leader>
  <controlfield tag="001">21350488</controlfield>
  <controlfield tag="005">20200103093412.0</controlfield>
  <controlfield tag="008">200103s2019    sa a     b    001 0beng  </controlfield>
  <datafield tag="906" ind1=" " ind2=" ">
    <subfield code="a">0</subfield>
    <subfield code="b">ibc</subfield>
    <subfield code="c">origres</subfield>
    <subfield code="d">3</subfield>
    <subfield code="e">ncip</subfield>
    <subfield code="f">20</subfield>
    <subfield code="g">y-gencatlg</subfield>
  </datafield>
  <datafield tag="925" ind1="0" ind2=" ">
    <subfield code="a">acquire</subfield>
    <subfield code="b">1 shelf copy</subfield>
    <subfield code="x">policy default</subfield>
  </datafield>
  <datafield tag="955" ind1=" " ind2=" ">
    <subfield code="b">bc22 2020-01-03 z-processor</subfield>
    <subfield code="i">bc22 2020-01-03 to review</subfield>
  </datafield>
  <datafield tag="010" ind1=" " ind2=" ">
    <subfield code="a">  2019400644</subfield>
  </datafield>
  <datafield tag="020" ind1=" " ind2=" ">
    <subfield code="a">9781920033569</subfield>
    <subfield code="q">(paperback)</subfield>
  </datafield>
  <datafield tag="035" ind1=" " ind2=" ">
    <subfield code="a">(OCoLC)on1114598682</subfield>
  </datafield>
  <datafield tag="040" ind1=" " ind2=" ">
    <subfield code="a">DLC</subfield>
    <subfield code="b">eng</subfield>
    <subfield code="e">rda</subfield>
    <subfield code="c">DLC</subfield>
  </datafield>
  <datafield tag="042" ind1=" " ind2=" ">
    <subfield code="a">pcc</subfield>
  </datafield>
  <datafield tag="043" ind1=" " ind2=" ">
    <subfield code="a">f-gh---</subfield>
  </datafield>
  <datafield tag="050" ind1="0" ind2="0">
    <subfield code="a">GV1132.N388</subfield>
    <subfield code="b">B68 2019</subfield>
  </datafield>
  <datafield tag="082" ind1="0" ind2="4">
    <subfield code="a">796.83/09667</subfield>
    <subfield code="2">23</subfield>
  </datafield>
  <datafield tag="100" ind1="1" ind2=" ">
    <subfield code="a">Botchway, De-Valera N. Y. M.</subfield>
    <subfield code="q">(De-Valera Nana Yaw Mpere)</subfield>
    <subfield code="e">author.</subfield>
  </datafield>
  <datafield tag="245" ind1="1" ind2="0">
    <subfield code="a">Boxing is no cakewalk :</subfield>
    <subfield code="b">Azumah &apos;ring professor&apos; Nelson in the social history of Ghanaian boxing /</subfield>
    <subfield code="c">De-Valera NYM Botchway</subfield>
  </datafield>
  <datafield tag="264" ind1=" " ind2="1">
    <subfield code="a">Grahamstown, South Africa :</subfield>
    <subfield code="b">NISC,</subfield>
    <subfield code="c">2019.</subfield>
  </datafield>
  <datafield tag="300" ind1=" " ind2=" ">
    <subfield code="a">xvii, 265 pages :</subfield>
    <subfield code="b">illustrations ;</subfield>
    <subfield code="c">24 cm.</subfield>
  </datafield>
  <datafield tag="336" ind1=" " ind2=" ">
    <subfield code="a">text</subfield>
    <subfield code="b">txt</subfield>
    <subfield code="2">rdacontent</subfield>
  </datafield>
  <datafield tag="337" ind1=" " ind2=" ">
    <subfield code="a">unmediated</subfield>
    <subfield code="b">n</subfield>
    <subfield code="2">rdamedia</subfield>
  </datafield>
  <datafield tag="338" ind1=" " ind2=" ">
    <subfield code="a">volume</subfield>
    <subfield code="b">nc</subfield>
    <subfield code="2">rdacarrier</subfield>
  </datafield>
  <datafield tag="490" ind1="0" ind2=" ">
    <subfield code="a">African humanities series</subfield>
  </datafield>
  <datafield tag="504" ind1=" " ind2=" ">
    <subfield code="a">Includes bibliographical references (pages 234-259) and index.</subfield>
  </datafield>
  <datafield tag="520" ind1=" " ind2=" ">
    <subfield code="a">&quot;Boxing is no cakewalk! Azumah &apos;Ring Professor&apos; Nelson in the Social History of Ghanaian Boxing explores the social history of boxing in Ghana and its interesting nexus with the biography of Azumah Nelson, unquestionably Ghana&apos;s most celebrated boxer. The book posits that sports constitute more than mere games that people play. They are endowed with enormous political, cultural, economic and social power that can influence people&apos;s lives in various ways. Boxing is no cakewalk! interrogates the social meaning and impact of boxing within the colonial and postcolonial milieux of popular culture in Ghana. Consequently, it reconsiders the prevailing conception of boxing as adversative to &apos;enlightened&apos; human culture by arguing that it is a positive formulator of individual and national identities. The historicising of sports and the lives of sportspersons in Ghana provides an eloquent backdrop for an understanding of the past social dynamics and their effect in the present. The book&apos;s analytical narrative offers an intellectual contribution to the promising areas of social and cultural history in Ghana&apos;s historiography and the scholarly discourse on identity formation and social empowerment through the popular culture of sports.&quot;--Back cover</subfield>
  </datafield>
  <datafield tag="600" ind1="1" ind2="0">
    <subfield code="a">Nelson, Azumah,</subfield>
    <subfield code="d">1958-</subfield>
  </datafield>
  <datafield tag="650" ind1=" " ind2="0">
    <subfield code="a">Boxers (Sports)</subfield>
    <subfield code="z">Ghana</subfield>
    <subfield code="v">Biography.</subfield>
  </datafield>
  <datafield tag="655" ind1=" " ind2="7">
    <subfield code="a">Biographies.</subfield>
    <subfield code="2">lcgft</subfield>
  </datafield>
</record>