
<record>
  <leader>02331cam a22003018i 4500</leader>
  <controlfield tag="001">21350505</controlfield>
  <controlfield tag="005">20200103095016.0</controlfield>
  <controlfield tag="008">200103t20202018nyu           000 0 eng  </controlfield>
  <datafield tag="906" ind1=" " ind2=" ">
    <subfield code="a">7</subfield>
    <subfield code="b">cbc</subfield>
    <subfield code="c">orignew</subfield>
    <subfield code="d">1</subfield>
    <subfield code="e">ecip</subfield>
    <subfield code="f">20</subfield>
    <subfield code="g">y-gencatlg</subfield>
  </datafield>
  <datafield tag="925" ind1="0" ind2=" ">
    <subfield code="a">Acquire</subfield>
    <subfield code="b">1 shelf copy</subfield>
    <subfield code="x">policy default</subfield>
  </datafield>
  <datafield tag="955" ind1=" " ind2=" ">
    <subfield code="b">xk15 2020-01-03</subfield>
    <subfield code="i">xk15 2020-01-03 (telework) to CIP</subfield>
  </datafield>
  <datafield tag="010" ind1=" " ind2=" ">
    <subfield code="a">  2019059813</subfield>
  </datafield>
  <datafield tag="020" ind1=" " ind2=" ">
    <subfield code="a">9781481483629</subfield>
    <subfield code="q">(paperback)</subfield>
  </datafield>
  <datafield tag="040" ind1=" " ind2=" ">
    <subfield code="a">DLC</subfield>
    <subfield code="b">eng</subfield>
    <subfield code="e">rda</subfield>
    <subfield code="c">DLC</subfield>
    <subfield code="d">DLC</subfield>
  </datafield>
  <datafield tag="042" ind1=" " ind2=" ">
    <subfield code="a">pcc</subfield>
  </datafield>
  <datafield tag="050" ind1="0" ind2="0">
    <subfield code="a">PS3620.O587485</subfield>
    <subfield code="b">S73 2020</subfield>
  </datafield>
  <datafield tag="082" ind1="0" ind2="0">
    <subfield code="a">813/.6</subfield>
    <subfield code="2">23</subfield>
  </datafield>
  <datafield tag="100" ind1="1" ind2=" ">
    <subfield code="a">Torgersen, Brad R.,</subfield>
    <subfield code="e">author.</subfield>
  </datafield>
  <datafield tag="245" ind1="1" ind2="2">
    <subfield code="a">A star-wheeled sky /</subfield>
    <subfield code="c">Brad R. Torgersen.</subfield>
  </datafield>
  <datafield tag="263" ind1=" " ind2=" ">
    <subfield code="a">2004</subfield>
  </datafield>
  <datafield tag="264" ind1=" " ind2="1">
    <subfield code="a">Riverdale :</subfield>
    <subfield code="b">Baen Publishing Enterprises,</subfield>
    <subfield code="c">[2020]</subfield>
  </datafield>
  <datafield tag="264" ind1=" " ind2="4">
    <subfield code="c">©2018</subfield>
  </datafield>
  <datafield tag="300" ind1=" " ind2=" ">
    <subfield code="a">pages ; cm</subfield>
  </datafield>
  <datafield tag="336" ind1=" " ind2=" ">
    <subfield code="a">text</subfield>
    <subfield code="b">txt</subfield>
    <subfield code="2">rdacontent</subfield>
  </datafield>
  <datafield tag="337" ind1=" " ind2=" ">
    <subfield code="a">unmediated</subfield>
    <subfield code="b">n</subfield>
    <subfield code="2">rdamedia</subfield>
  </datafield>
  <datafield tag="338" ind1=" " ind2=" ">
    <subfield code="a">volume</subfield>
    <subfield code="b">nc</subfield>
    <subfield code="2">rdacarrier</subfield>
  </datafield>
  <datafield tag="520" ind1=" " ind2=" ">
    <subfield code="a">&quot;THE WAYPOINT TO ULTIMATE POWER! Over a millennium in the past, humans fleeing Earth in slower-than-light vessels discovered the Waywork, an abandoned alien superhighway system that allows instantaneous travel from star to star. The problem: there are a finite number of Waypoint nodes-and the burgeoning population of humans is hemmed in as a result. Furthermore, humanity is divided into contending Starstates. One of the strongest is based on an oligarchy ruling families, but still mostly democratic. The other is a totalitarian nightmare. War seems inevitable. Now a new Waypoint appears. Might it lead to the long-lost creators of the Waywork? If so, there may be knowledge and technology that will tip the balance in the coming war. Three people race to make it to the new Waypoint-and beyond. These include Wyodreth Antagean, the reluctant son of an interstellar shipping magnate, Lady Garsina Oswight, the daring daughter of a royal family, and Zuri Mikton, a disgraced flag officer seeking redemption. They are facing an implacable foe in Golsubril Vex, a merciless, but highly effective, autocrat from the Waywork&apos;s most brutal regime. Vex is determined to control the new Waypoint and whatever revelation or power lies on the other side. Now humanity&apos;s fate-to live in freedom or endless dictatorship-depends on just what that revelation might be. And who gets there first&quot;--</subfield>
    <subfield code="c">Provided by publisher.</subfield>
  </datafield>
  <datafield tag="655" ind1=" " ind2="7">
    <subfield code="a">Science fiction.</subfield>
    <subfield code="2">gsafd</subfield>
  </datafield>
</record>