
<record>
  <leader>02738cjm a2200517 i 4500</leader>
  <controlfield tag="001">21350506</controlfield>
  <controlfield tag="005">20200103094219.0</controlfield>
  <controlfield tag="007">sd fmngnnmmnee</controlfield>
  <controlfield tag="008">200103p20191958gw rcn|  af       | eng d</controlfield>
  <datafield tag="906" ind1=" " ind2=" ">
    <subfield code="a">0</subfield>
    <subfield code="b">ibc</subfield>
    <subfield code="c">copycat</subfield>
    <subfield code="d">2</subfield>
    <subfield code="e">ncip</subfield>
    <subfield code="f">20</subfield>
    <subfield code="g">y-soundrec</subfield>
  </datafield>
  <datafield tag="925" ind1="0" ind2=" ">
    <subfield code="a">acquire</subfield>
    <subfield code="b">2 shelf copies</subfield>
    <subfield code="x">policy default</subfield>
  </datafield>
  <datafield tag="955" ind1=" " ind2=" ">
    <subfield code="a">qr40 2020-01-03 z-client</subfield>
    <subfield code="i">qr40 2020-01-03</subfield>
  </datafield>
  <datafield tag="010" ind1=" " ind2=" ">
    <subfield code="a">  2020615350</subfield>
  </datafield>
  <datafield tag="024" ind1="3" ind2="0">
    <subfield code="a">5397102175251</subfield>
  </datafield>
  <datafield tag="028" ind1="0" ind2="2">
    <subfield code="a">BCD 17525</subfield>
    <subfield code="b">Bear Family Productions</subfield>
  </datafield>
  <datafield tag="028" ind1="0" ind2="2">
    <subfield code="a">BCD17525</subfield>
    <subfield code="b">Bear Family Productions</subfield>
  </datafield>
  <datafield tag="028" ind1="0" ind2="2">
    <subfield code="a">17525</subfield>
    <subfield code="b">Bear Family Productions</subfield>
  </datafield>
  <datafield tag="035" ind1=" " ind2=" ">
    <subfield code="a">(OCoLC)on1090455914</subfield>
  </datafield>
  <datafield tag="040" ind1=" " ind2=" ">
    <subfield code="a">TDF</subfield>
    <subfield code="b">eng</subfield>
    <subfield code="e">rda</subfield>
    <subfield code="c">TDF</subfield>
    <subfield code="d">OCLCQ</subfield>
    <subfield code="d">NOC</subfield>
    <subfield code="d">OCLCF</subfield>
    <subfield code="d">DLC</subfield>
  </datafield>
  <datafield tag="042" ind1=" " ind2=" ">
    <subfield code="a">lccopycat</subfield>
  </datafield>
  <datafield tag="050" ind1="0" ind2="0">
    <subfield code="a">SDD 32501</subfield>
  </datafield>
  <datafield tag="100" ind1="1" ind2=" ">
    <subfield code="a">Valens, Ritchie,</subfield>
    <subfield code="d">1941-1959,</subfield>
    <subfield code="e">composer,</subfield>
    <subfield code="e">performer.</subfield>
  </datafield>
  <datafield tag="240" ind1="1" ind2="0">
    <subfield code="a">Songs.</subfield>
    <subfield code="k">Selections</subfield>
  </datafield>
  <datafield tag="245" ind1="1" ind2="0">
    <subfield code="a">Ritchie Valens rocks.</subfield>
  </datafield>
  <datafield tag="264" ind1=" " ind2="1">
    <subfield code="a">[Holste-Oldendorf] :</subfield>
    <subfield code="b">Bear Family Productions,</subfield>
    <subfield code="c">[2019]</subfield>
  </datafield>
  <datafield tag="264" ind1=" " ind2="4">
    <subfield code="c">℗2019</subfield>
  </datafield>
  <datafield tag="300" ind1=" " ind2=" ">
    <subfield code="a">1 audio disc :</subfield>
    <subfield code="b">digital ;</subfield>
    <subfield code="c">4 3/4 in.</subfield>
  </datafield>
  <datafield tag="336" ind1=" " ind2=" ">
    <subfield code="a">performed music</subfield>
    <subfield code="b">prm</subfield>
    <subfield code="2">rdacontent</subfield>
  </datafield>
  <datafield tag="337" ind1=" " ind2=" ">
    <subfield code="a">audio</subfield>
    <subfield code="b">s</subfield>
    <subfield code="2">rdamedia</subfield>
  </datafield>
  <datafield tag="338" ind1=" " ind2=" ">
    <subfield code="a">audio disc</subfield>
    <subfield code="b">sd</subfield>
    <subfield code="2">rdacarrier</subfield>
  </datafield>
  <datafield tag="344" ind1=" " ind2=" ">
    <subfield code="a">digital</subfield>
    <subfield code="2">rdatr</subfield>
  </datafield>
  <datafield tag="344" ind1=" " ind2=" ">
    <subfield code="b">optical</subfield>
    <subfield code="2">rdarm</subfield>
  </datafield>
  <datafield tag="344" ind1=" " ind2=" ">
    <subfield code="g">mono</subfield>
    <subfield code="2">rdacpc</subfield>
  </datafield>
  <datafield tag="347" ind1=" " ind2=" ">
    <subfield code="a">audio file</subfield>
    <subfield code="2">rdaft</subfield>
  </datafield>
  <datafield tag="347" ind1=" " ind2=" ">
    <subfield code="b">CD audio</subfield>
  </datafield>
  <datafield tag="500" ind1=" " ind2=" ">
    <subfield code="a">Title from container.</subfield>
  </datafield>
  <datafield tag="511" ind1="0" ind2=" ">
    <subfield code="a">Ritchie Valens ; with musical accompaniment.</subfield>
  </datafield>
  <datafield tag="500" ind1=" " ind2=" ">
    <subfield code="a">Songs principally by Ritchie Valens.</subfield>
  </datafield>
  <datafield tag="518" ind1=" " ind2=" ">
    <subfield code="o">Recorded</subfield>
    <subfield code="d">1958-1959.</subfield>
  </datafield>
  <datafield tag="500" ind1=" " ind2=" ">
    <subfield code="a">Historical notes and discography (39 pages) by Bill Dahl with portraits and color illustrations on container insert.</subfield>
  </datafield>
  <datafield tag="520" ind1=" " ind2=" ">
    <subfield code="a">Compilation of 36 tracks by the pioneering Latino rock and roller Valens.</subfield>
  </datafield>
  <datafield tag="505" ind1="0" ind2=" ">
    <subfield code="a">La Bamba -- Ooh! my head -- Hurry up -- Let&apos;s rock and roll -- Fast freight -- Framed -- Come on let&apos;s go -- Little girl -- Bony Moronie -- Big baby blues -- Cry, cry, cry (home recording #1) -- Cry, cry, cry (home recording #2) -- Cry, cry, cry (with claves) -- Cry, cry, cry (1960) -- Bluebirds over the mountain -- Rockin&apos; all night -- Dooby dooby wah (home recording) -- Dooby dooby wah (1958) -- Dooby dooby wah (take 7 outake) -- From beyond -- Hi-tone -- The paddi-wack song -- Rock lil&apos; darlin&apos; -- Malaguena -- That&apos;s my little Suzie (home recording) -- That&apos;s my little Suzie (1959) -- That&apos;s my little Suzie (Gold Star Studio outake) -- Rhythm song -- In a Turkish town -- Ritchie Valens Commercial (Donna) -- Donna -- Stay beside me -- We belong together -- Newscast - plane crash report, Feb. 3, 1959 -- Donna (Ludwig) - Lost without you -- Donna (Ludwig) - Now that you&apos;re gone.</subfield>
  </datafield>
  <datafield tag="650" ind1=" " ind2="0">
    <subfield code="a">Rock music</subfield>
    <subfield code="y">To 1961.</subfield>
  </datafield>
  <datafield tag="655" ind1=" " ind2="7">
    <subfield code="a">Rock music.</subfield>
    <subfield code="2">lcgft</subfield>
  </datafield>
  <datafield tag="655" ind1=" " ind2="7">
    <subfield code="a">Alternate takes (Sound recordings)</subfield>
    <subfield code="2">lcgft</subfield>
  </datafield>
  <datafield tag="985" ind1=" " ind2=" ">
    <subfield code="a">BibframePilot2</subfield>
    <subfield code="e">20200103</subfield>
  </datafield>
</record>