
<record>
  <leader>02224cam a22003135i 4500</leader>
  <controlfield tag="001">21350509</controlfield>
  <controlfield tag="005">20200103094258.0</controlfield>
  <controlfield tag="008">200103s2019    sw       b    000 0 swe  </controlfield>
  <datafield tag="906" ind1=" " ind2=" ">
    <subfield code="a">0</subfield>
    <subfield code="b">ibc</subfield>
    <subfield code="c">origres</subfield>
    <subfield code="d">3</subfield>
    <subfield code="e">ncip</subfield>
    <subfield code="f">20</subfield>
    <subfield code="g">y-gencatlg</subfield>
  </datafield>
  <datafield tag="925" ind1="0" ind2=" ">
    <subfield code="a">acquire</subfield>
    <subfield code="b">1 shelf copy</subfield>
    <subfield code="x">policy default</subfield>
  </datafield>
  <datafield tag="955" ind1=" " ind2=" ">
    <subfield code="b">ff16 2020-01-03 z-processor</subfield>
    <subfield code="a">ff00 2020-01-03 to GS/SBCG</subfield>
  </datafield>
  <datafield tag="010" ind1=" " ind2=" ">
    <subfield code="a">  2019455221</subfield>
  </datafield>
  <datafield tag="020" ind1=" " ind2=" ">
    <subfield code="a">9789170612855</subfield>
    <subfield code="q">(paperback)</subfield>
  </datafield>
  <datafield tag="020" ind1=" " ind2=" ">
    <subfield code="a">9170612854</subfield>
    <subfield code="q">(paperback)</subfield>
  </datafield>
  <datafield tag="040" ind1=" " ind2=" ">
    <subfield code="a">DLC</subfield>
    <subfield code="b">eng</subfield>
    <subfield code="e">rda</subfield>
    <subfield code="c">DLC</subfield>
  </datafield>
  <datafield tag="042" ind1=" " ind2=" ">
    <subfield code="a">pcc</subfield>
  </datafield>
  <datafield tag="245" ind1="0" ind2="0">
    <subfield code="a">Astrid Lindgrens bildvärldar /</subfield>
    <subfield code="c">redaktörer Helene Ehriander &amp; Anette Almgren White.</subfield>
  </datafield>
  <datafield tag="264" ind1=" " ind2="1">
    <subfield code="a">Göteborg :</subfield>
    <subfield code="b">Makadam,</subfield>
    <subfield code="c">[2019]</subfield>
  </datafield>
  <datafield tag="300" ind1=" " ind2=" ">
    <subfield code="a">341 pages ;</subfield>
    <subfield code="c">23 cm.</subfield>
  </datafield>
  <datafield tag="336" ind1=" " ind2=" ">
    <subfield code="a">text</subfield>
    <subfield code="b">txt</subfield>
    <subfield code="2">rdacontent</subfield>
  </datafield>
  <datafield tag="337" ind1=" " ind2=" ">
    <subfield code="a">unmediated</subfield>
    <subfield code="b">n</subfield>
    <subfield code="2">rdamedia</subfield>
  </datafield>
  <datafield tag="338" ind1=" " ind2=" ">
    <subfield code="a">volume</subfield>
    <subfield code="b">nc</subfield>
    <subfield code="2">rdacarrier</subfield>
  </datafield>
  <datafield tag="490" ind1="1" ind2=" ">
    <subfield code="a">Skrifter utgivna av Svenska barnboksinstitutet,</subfield>
    <subfield code="x">0347-5387 ;</subfield>
    <subfield code="v">nr 149</subfield>
  </datafield>
  <datafield tag="504" ind1=" " ind2=" ">
    <subfield code="a">Includes bibliographical references.</subfield>
  </datafield>
  <datafield tag="520" ind1="8" ind2=" ">
    <subfield code="a">&quot;Astrid Lindgrens berättelser är centralt placerade i det svenska medvetandet, oupplösligt förknippade med de bilder som åtföljer dem. Genom åren har många studier gjorts av Lindgrens författarskap, men inte lika mycket är skrivet om de bildkonstnärer som gett oss tydliga bilder av de karaktärer och miljöer som gestaltas i texterna. I denna forskarantologi möter vi olika bildkonstnärers tolkningar av Lindgrens texter: Ilon Wiklands bilder till &apos;Ronja rövardotter&apos; och till den mindre kända spökhistorien om Skinn Skerping, Ingrid Vang Nymans bilder till berättelserna om Pippi Långstrump, Anna Riwkin-Bricks fotografiska flickskildring &apos;Randi bor i Norge&apos;. Sagor och noveller som gjorts till böcker av bilderbokskonstnärerna Marit Törnqvist, Hans Arnold, Pija Lindenbaum och Ilon Wikland undersöks också. En annan Lindgrenvärld som analyseras är trädgårdarna på barndomshemmet Näs, så som de anlagts och skildras med nostalgiska filter i en aktuell trädgårdsbok.&quot;--Back cover.</subfield>
  </datafield>
  <datafield tag="700" ind1="1" ind2=" ">
    <subfield code="a">Ehriander, Helene,</subfield>
    <subfield code="d">1962-</subfield>
    <subfield code="e">editor.</subfield>
  </datafield>
  <datafield tag="700" ind1="1" ind2=" ">
    <subfield code="a">Almgren White, Anette,</subfield>
    <subfield code="d">1960-</subfield>
    <subfield code="e">editor.</subfield>
  </datafield>
  <datafield tag="830" ind1=" " ind2="0">
    <subfield code="a">Skrifter utgivna av Svenska barnboksinstitutet ;</subfield>
    <subfield code="v">nr 149.</subfield>
    <subfield code="x">0347-5387</subfield>
  </datafield>
  <datafield tag="923" ind1=" " ind2=" ">
    <subfield code="a">exchange</subfield>
    <subfield code="d">2019-12-11</subfield>
    <subfield code="s">94003822</subfield>
  </datafield>
</record>