
<record>
  <leader>01133cam a22003135i 4500</leader>
  <controlfield tag="001">21350515</controlfield>
  <controlfield tag="005">20200103094604.0</controlfield>
  <controlfield tag="008">200103s2019    sw a          000 0 swe  </controlfield>
  <datafield tag="906" ind1=" " ind2=" ">
    <subfield code="a">0</subfield>
    <subfield code="b">ibc</subfield>
    <subfield code="c">origres</subfield>
    <subfield code="d">3</subfield>
    <subfield code="e">ncip</subfield>
    <subfield code="f">20</subfield>
    <subfield code="g">y-gencatlg</subfield>
  </datafield>
  <datafield tag="925" ind1="0" ind2=" ">
    <subfield code="a">acquire</subfield>
    <subfield code="b">1 shelf copy</subfield>
    <subfield code="x">policy default</subfield>
  </datafield>
  <datafield tag="955" ind1=" " ind2=" ">
    <subfield code="b">ff16 2020-01-03 z-processor</subfield>
    <subfield code="a">ff00 2020-01-03 to GS/SBCG</subfield>
  </datafield>
  <datafield tag="010" ind1=" " ind2=" ">
    <subfield code="a">  2019455222</subfield>
  </datafield>
  <datafield tag="020" ind1=" " ind2=" ">
    <subfield code="a">9789151307992</subfield>
  </datafield>
  <datafield tag="020" ind1=" " ind2=" ">
    <subfield code="a">9151307995</subfield>
  </datafield>
  <datafield tag="040" ind1=" " ind2=" ">
    <subfield code="a">DLC</subfield>
    <subfield code="b">eng</subfield>
    <subfield code="e">rda</subfield>
    <subfield code="c">DLC</subfield>
  </datafield>
  <datafield tag="042" ind1=" " ind2=" ">
    <subfield code="a">pcc</subfield>
  </datafield>
  <datafield tag="100" ind1="1" ind2=" ">
    <subfield code="a">Ericsson, Johan,</subfield>
    <subfield code="d">1988-</subfield>
    <subfield code="e">author</subfield>
  </datafield>
  <datafield tag="245" ind1="1" ind2="0">
    <subfield code="a">Mål och medel :</subfield>
    <subfield code="b">Uppsala kommun som byggupphandlare 1870-1975 /</subfield>
    <subfield code="c">Johan Ericsson.</subfield>
  </datafield>
  <datafield tag="264" ind1=" " ind2="1">
    <subfield code="a">Uppsala :</subfield>
    <subfield code="b">Acta Universitatis Upsaliensis,</subfield>
    <subfield code="c">[2019].</subfield>
  </datafield>
  <datafield tag="264" ind1=" " ind2="4">
    <subfield code="c">©2019</subfield>
  </datafield>
  <datafield tag="300" ind1=" " ind2=" ">
    <subfield code="a">292 pages :</subfield>
    <subfield code="b">illustrations ;</subfield>
    <subfield code="c">25 cm.</subfield>
  </datafield>
  <datafield tag="336" ind1=" " ind2=" ">
    <subfield code="a">text</subfield>
    <subfield code="b">txt</subfield>
    <subfield code="2">rdacontent</subfield>
  </datafield>
  <datafield tag="337" ind1=" " ind2=" ">
    <subfield code="a">unmediated</subfield>
    <subfield code="b">n</subfield>
    <subfield code="2">rdamedia</subfield>
  </datafield>
  <datafield tag="338" ind1=" " ind2=" ">
    <subfield code="a">volume</subfield>
    <subfield code="b">nc</subfield>
    <subfield code="2">rdacarrier</subfield>
  </datafield>
  <datafield tag="490" ind1="1" ind2=" ">
    <subfield code="a">Studia Historica Upsaliensia,</subfield>
    <subfield code="x">0081-6531 ;</subfield>
    <subfield code="v">268.</subfield>
  </datafield>
  <datafield tag="502" ind1=" " ind2=" ">
    <subfield code="a">Dissertation Uppsala University 2019.</subfield>
  </datafield>
  <datafield tag="504" ind1=" " ind2=" ">
    <subfield code="a">Includes bibliographical references.</subfield>
  </datafield>
  <datafield tag="830" ind1=" " ind2="0">
    <subfield code="a">Studia historica Upsaliensia ;</subfield>
    <subfield code="v">268.</subfield>
  </datafield>
  <datafield tag="923" ind1=" " ind2=" ">
    <subfield code="a">exchange</subfield>
    <subfield code="d">2019-12-11</subfield>
    <subfield code="s">94003441</subfield>
  </datafield>
</record>