
<record>
  <leader>02618cam a22005895i 4500</leader>
  <controlfield tag="001">21350535</controlfield>
  <controlfield tag="005">20200103095618.0</controlfield>
  <controlfield tag="008">200103m2018uuuufi a     b    001 m swe d</controlfield>
  <datafield tag="906" ind1=" " ind2=" ">
    <subfield code="a">0</subfield>
    <subfield code="b">ibc</subfield>
    <subfield code="c">copycat</subfield>
    <subfield code="d">3</subfield>
    <subfield code="e">ncip</subfield>
    <subfield code="f">20</subfield>
    <subfield code="g">y-gencatlg</subfield>
  </datafield>
  <datafield tag="925" ind1="0" ind2=" ">
    <subfield code="a">acquire</subfield>
    <subfield code="b">1 shelf copy</subfield>
    <subfield code="x">policy default</subfield>
  </datafield>
  <datafield tag="955" ind1=" " ind2=" ">
    <subfield code="b">ff16 2020-01-03 z-processor</subfield>
    <subfield code="a">ff00 2020-01-03 to GS/SBCG</subfield>
    <subfield code="a">ff00 2020-01-03 to GS/SBCG</subfield>
  </datafield>
  <datafield tag="010" ind1=" " ind2=" ">
    <subfield code="a">  2019455225</subfield>
  </datafield>
  <datafield tag="020" ind1=" " ind2=" ">
    <subfield code="a">9789515833600</subfield>
    <subfield code="q">(Finland ;</subfield>
    <subfield code="q">v. 1 ;</subfield>
    <subfield code="q">bound)</subfield>
  </datafield>
  <datafield tag="020" ind1=" " ind2=" ">
    <subfield code="a">9515833604</subfield>
    <subfield code="q">(Finland ;</subfield>
    <subfield code="q">v. 1 ;</subfield>
    <subfield code="q">bound)</subfield>
  </datafield>
  <datafield tag="020" ind1=" " ind2=" ">
    <subfield code="a">9789198406481</subfield>
    <subfield code="q">(Sverige ;</subfield>
    <subfield code="q">v. 1 ;</subfield>
    <subfield code="q">bound)</subfield>
  </datafield>
  <datafield tag="020" ind1=" " ind2=" ">
    <subfield code="a">9198406485</subfield>
    <subfield code="q">(Sverige ;</subfield>
    <subfield code="q">v. 1 ;</subfield>
    <subfield code="q">bound)</subfield>
  </datafield>
  <datafield tag="020" ind1=" " ind2=" ">
    <subfield code="a">9789515834362</subfield>
    <subfield code="q">(v. 2 Finland ;</subfield>
    <subfield code="q">bound)</subfield>
  </datafield>
  <datafield tag="020" ind1=" " ind2=" ">
    <subfield code="a">9515834368</subfield>
    <subfield code="q">(v. 2 Finland ;</subfield>
    <subfield code="q">bound)</subfield>
  </datafield>
  <datafield tag="020" ind1=" " ind2=" ">
    <subfield code="a">9789198495973</subfield>
    <subfield code="q">(v. 2 Sverige ;</subfield>
    <subfield code="q">bound)</subfield>
  </datafield>
  <datafield tag="020" ind1=" " ind2=" ">
    <subfield code="a">9198495976</subfield>
    <subfield code="q">(v. 2 Sverige ;</subfield>
    <subfield code="q">bound)</subfield>
  </datafield>
  <datafield tag="020" ind1=" " ind2=" ">
    <subfield code="a">9789515834744</subfield>
    <subfield code="q">(v. 3 ;</subfield>
    <subfield code="q">Finland ;</subfield>
    <subfield code="q">bound)</subfield>
  </datafield>
  <datafield tag="020" ind1=" " ind2=" ">
    <subfield code="a">9515834740</subfield>
    <subfield code="q">(v. 3 ;</subfield>
    <subfield code="q">Finland ;</subfield>
    <subfield code="q">bound)</subfield>
  </datafield>
  <datafield tag="020" ind1=" " ind2=" ">
    <subfield code="a">9789198496079 ;</subfield>
    <subfield code="q">(v. 3 ;</subfield>
    <subfield code="q">Sverige ;</subfield>
    <subfield code="q">bound)</subfield>
  </datafield>
  <datafield tag="020" ind1=" " ind2=" ">
    <subfield code="a">9198496077 ;</subfield>
    <subfield code="q">(v. 3 ;</subfield>
    <subfield code="q">Sverige ;</subfield>
    <subfield code="q">bound)</subfield>
  </datafield>
  <datafield tag="035" ind1=" " ind2=" ">
    <subfield code="a">(OCoLC)on1066256288</subfield>
  </datafield>
  <datafield tag="040" ind1=" " ind2=" ">
    <subfield code="a">UIU</subfield>
    <subfield code="b">eng</subfield>
    <subfield code="c">UIU</subfield>
    <subfield code="e">rda</subfield>
    <subfield code="d">OCLCF</subfield>
    <subfield code="d">UIU</subfield>
    <subfield code="d">UBY</subfield>
    <subfield code="d">UIU</subfield>
    <subfield code="d">DLC</subfield>
  </datafield>
  <datafield tag="042" ind1=" " ind2=" ">
    <subfield code="a">lccopycat</subfield>
  </datafield>
  <datafield tag="043" ind1=" " ind2=" ">
    <subfield code="a">e-fi---</subfield>
  </datafield>
  <datafield tag="097" ind1="0" ind2="0">
    <subfield code="a">PT9875</subfield>
    <subfield code="b">.P273 2018</subfield>
  </datafield>
  <datafield tag="100" ind1="1" ind2=" ">
    <subfield code="a">Parland, Henry,</subfield>
    <subfield code="d">1908-1930,</subfield>
    <subfield code="e">author.</subfield>
  </datafield>
  <datafield tag="240" ind1="1" ind2="0">
    <subfield code="a">Works.</subfield>
    <subfield code="f">2018</subfield>
  </datafield>
  <datafield tag="245" ind1="1" ind2="0">
    <subfield code="a">Henry Parlands Skrifter /</subfield>
    <subfield code="c">Henry Parland.</subfield>
  </datafield>
  <datafield tag="246" ind1="3" ind2="0">
    <subfield code="a">Skrifter</subfield>
  </datafield>
  <datafield tag="264" ind1=" " ind2="1">
    <subfield code="a">Helsingfors :</subfield>
    <subfield code="b">Svenska litteratursällskapet i Finland ;</subfield>
    <subfield code="a">Stockholm :</subfield>
    <subfield code="b">Appell Förlag,</subfield>
    <subfield code="c">2018-</subfield>
  </datafield>
  <datafield tag="300" ind1=" " ind2=" ">
    <subfield code="a">volume &lt;1-3&gt; :</subfield>
    <subfield code="b">illustrations (some color) ;</subfield>
    <subfield code="c">22 cm.</subfield>
  </datafield>
  <datafield tag="336" ind1=" " ind2=" ">
    <subfield code="a">text</subfield>
    <subfield code="b">txt</subfield>
    <subfield code="2">rdacontent</subfield>
  </datafield>
  <datafield tag="336" ind1=" " ind2=" ">
    <subfield code="a">still image</subfield>
    <subfield code="b">sti</subfield>
    <subfield code="2">rdacontent</subfield>
  </datafield>
  <datafield tag="337" ind1=" " ind2=" ">
    <subfield code="a">unmediated</subfield>
    <subfield code="b">n</subfield>
    <subfield code="2">rdamedia</subfield>
  </datafield>
  <datafield tag="338" ind1=" " ind2=" ">
    <subfield code="a">volume</subfield>
    <subfield code="b">nc</subfield>
    <subfield code="2">rdacarrier</subfield>
  </datafield>
  <datafield tag="490" ind1="1" ind2=" ">
    <subfield code="a">Skrifter utgivna av Svenska litteratursällskapet i Finland,</subfield>
    <subfield code="x">0039-6842 ;</subfield>
    <subfield code="v">nummer 825</subfield>
  </datafield>
  <datafield tag="504" ind1=" " ind2=" ">
    <subfield code="a">Includes bibliographical references and index.</subfield>
  </datafield>
  <datafield tag="505" ind1="1" ind2="0">
    <subfield code="g">1.</subfield>
    <subfield code="t">Dikter /</subfield>
    <subfield code="r">utgiven av Per Stam --</subfield>
    <subfield code="g">2.</subfield>
    <subfield code="t">Prosa /</subfield>
    <subfield code="r">utgiven av Elisa Veit --</subfield>
    <subfield code="g">3.</subfield>
    <subfield code="t">Kritik /</subfield>
    <subfield code="r">utgiven av Per Stam.</subfield>
  </datafield>
  <datafield tag="600" ind1="1" ind2="0">
    <subfield code="a">Parland, Henry,</subfield>
    <subfield code="d">1908-1930</subfield>
    <subfield code="x">Criticism and interpretation.</subfield>
  </datafield>
  <datafield tag="650" ind1=" " ind2="0">
    <subfield code="a">Swedish literature</subfield>
    <subfield code="y">20th century</subfield>
    <subfield code="x">History and criticism.</subfield>
  </datafield>
  <datafield tag="600" ind1="1" ind2="7">
    <subfield code="a">Parland, Henry,</subfield>
    <subfield code="d">1908-1930.</subfield>
    <subfield code="2">fast</subfield>
    <subfield code="0">(OCoLC)fst00371259</subfield>
  </datafield>
  <datafield tag="650" ind1=" " ind2="7">
    <subfield code="a">Swedish literature.</subfield>
    <subfield code="2">fast</subfield>
    <subfield code="0">(OCoLC)fst01140166</subfield>
  </datafield>
  <datafield tag="648" ind1=" " ind2="7">
    <subfield code="a">1900-1999</subfield>
    <subfield code="2">fast</subfield>
  </datafield>
  <datafield tag="655" ind1=" " ind2="7">
    <subfield code="a">Criticism, interpretation, etc.</subfield>
    <subfield code="2">fast</subfield>
    <subfield code="0">(OCoLC)fst01411635</subfield>
  </datafield>
  <datafield tag="700" ind1="1" ind2=" ">
    <subfield code="a">Stam, Per,</subfield>
    <subfield code="e">editor.</subfield>
  </datafield>
  <datafield tag="700" ind1="1" ind2=" ">
    <subfield code="a">Veit, Elisa,</subfield>
    <subfield code="e">editor.</subfield>
  </datafield>
  <datafield tag="830" ind1=" " ind2="0">
    <subfield code="a">Skrifter utgivna av Svenska litteratursällskapet i Finland ;</subfield>
    <subfield code="v">nr 825.</subfield>
  </datafield>
  <datafield tag="923" ind1=" " ind2=" ">
    <subfield code="a">exchange</subfield>
    <subfield code="d">2019-11-20</subfield>
    <subfield code="s">94002040</subfield>
  </datafield>
</record>