
<record>
  <leader>02381cam a22004457i 4500</leader>
  <controlfield tag="001">21350552</controlfield>
  <controlfield tag="005">20200103100937.0</controlfield>
  <controlfield tag="008">200103s1982    mnuae    b   s000 0 eng d</controlfield>
  <datafield tag="906" ind1=" " ind2=" ">
    <subfield code="a">7</subfield>
    <subfield code="b">cbc</subfield>
    <subfield code="c">copycat</subfield>
    <subfield code="d">2</subfield>
    <subfield code="e">ncip</subfield>
    <subfield code="f">20</subfield>
    <subfield code="g">y-gencatlg</subfield>
  </datafield>
  <datafield tag="925" ind1="0" ind2=" ">
    <subfield code="a">acquire</subfield>
    <subfield code="b">1 shelf copy</subfield>
    <subfield code="x">policy default</subfield>
  </datafield>
  <datafield tag="955" ind1=" " ind2=" ">
    <subfield code="b">rk11 2020-01-03 z-processor</subfield>
    <subfield code="i">rk11 2020-01-03 (AIA project) to BCCD</subfield>
  </datafield>
  <datafield tag="010" ind1=" " ind2=" ">
    <subfield code="a">  2019303324</subfield>
  </datafield>
  <datafield tag="035" ind1=" " ind2=" ">
    <subfield code="a">(OCoLC)ocm10640228</subfield>
  </datafield>
  <datafield tag="040" ind1=" " ind2=" ">
    <subfield code="a">UIU</subfield>
    <subfield code="b">eng</subfield>
    <subfield code="e">rda</subfield>
    <subfield code="c">UIU</subfield>
    <subfield code="d">OCL</subfield>
    <subfield code="d">OCLCQ</subfield>
    <subfield code="d">OCLCF</subfield>
    <subfield code="d">NJI</subfield>
    <subfield code="d">OCLCQ</subfield>
    <subfield code="d">OCLCO</subfield>
    <subfield code="d">OCLCA</subfield>
    <subfield code="d">DLC</subfield>
  </datafield>
  <datafield tag="042" ind1=" " ind2=" ">
    <subfield code="a">lccopycat</subfield>
  </datafield>
  <datafield tag="043" ind1=" " ind2=" ">
    <subfield code="a">n-us-mn</subfield>
  </datafield>
  <datafield tag="050" ind1="0" ind2="0">
    <subfield code="a">NA7195</subfield>
    <subfield code="b">.R63 1982</subfield>
  </datafield>
  <datafield tag="082" ind1="0" ind2="4">
    <subfield code="a">720.286</subfield>
    <subfield code="2">19</subfield>
  </datafield>
  <datafield tag="100" ind1="1" ind2=" ">
    <subfield code="a">Robinson, Julia,</subfield>
    <subfield code="e">author.</subfield>
  </datafield>
  <datafield tag="245" ind1="1" ind2="0">
    <subfield code="a">Women&apos;s Advocates shelter :</subfield>
    <subfield code="b">an evaluation /</subfield>
    <subfield code="c">by Julia Robinson, Warner Shippee, Jenniffer Schlimgen, and Razel Solow.</subfield>
  </datafield>
  <datafield tag="264" ind1=" " ind2="1">
    <subfield code="a">[Minneapolis] :</subfield>
    <subfield code="b">Center for Urban and Regional Affairs, School of Architecture and Landscape Architecture, University of Minnesota,</subfield>
    <subfield code="c">November 1982.</subfield>
  </datafield>
  <datafield tag="300" ind1=" " ind2=" ">
    <subfield code="a">69 pages :</subfield>
    <subfield code="b">illustrations, plans ;</subfield>
    <subfield code="c">28 cm</subfield>
  </datafield>
  <datafield tag="336" ind1=" " ind2=" ">
    <subfield code="a">text</subfield>
    <subfield code="b">txt</subfield>
    <subfield code="2">rdacontent</subfield>
  </datafield>
  <datafield tag="336" ind1=" " ind2=" ">
    <subfield code="a">still image</subfield>
    <subfield code="b">sti</subfield>
    <subfield code="2">rdacontent</subfield>
  </datafield>
  <datafield tag="337" ind1=" " ind2=" ">
    <subfield code="a">unmediated</subfield>
    <subfield code="b">n</subfield>
    <subfield code="2">rdamedia</subfield>
  </datafield>
  <datafield tag="338" ind1=" " ind2=" ">
    <subfield code="a">volume</subfield>
    <subfield code="b">nc</subfield>
    <subfield code="2">rdacarrier</subfield>
  </datafield>
  <datafield tag="500" ind1=" " ind2=" ">
    <subfield code="a">Title from cover.</subfield>
  </datafield>
  <datafield tag="504" ind1=" " ind2=" ">
    <subfield code="a">Includes bibliographical references (page 61).</subfield>
  </datafield>
  <datafield tag="505" ind1="0" ind2=" ">
    <subfield code="a">Plans and expectations -- General considerations -- Communal spaces -- Resident spaces -- Advocate spaces -- The backyard -- Conclusions -- Appendices. Suggested modifications -- Discussion of the research methodology for the architectural evaluation.</subfield>
  </datafield>
  <datafield tag="610" ind1="2" ind2="0">
    <subfield code="a">Women&apos;s Advocates (Organization)</subfield>
    <subfield code="x">Buildings.</subfield>
  </datafield>
  <datafield tag="650" ind1=" " ind2="0">
    <subfield code="a">Women&apos;s shelters</subfield>
    <subfield code="z">Minnesota</subfield>
    <subfield code="z">Minneapolis.</subfield>
  </datafield>
  <datafield tag="650" ind1=" " ind2="7">
    <subfield code="a">Abused wives</subfield>
    <subfield code="x">Services for.</subfield>
    <subfield code="2">fast</subfield>
    <subfield code="0">(OCoLC)fst00794867</subfield>
  </datafield>
  <datafield tag="650" ind1=" " ind2="7">
    <subfield code="a">Architecture</subfield>
    <subfield code="x">Human factors.</subfield>
    <subfield code="2">fast</subfield>
    <subfield code="0">(OCoLC)fst00813457</subfield>
  </datafield>
  <datafield tag="650" ind1=" " ind2="7">
    <subfield code="a">Dwellings</subfield>
    <subfield code="x">Remodeling.</subfield>
    <subfield code="2">fast</subfield>
    <subfield code="0">(OCoLC)fst00900158</subfield>
  </datafield>
  <datafield tag="650" ind1=" " ind2="7">
    <subfield code="a">Halfway houses.</subfield>
    <subfield code="2">fast</subfield>
    <subfield code="0">(OCoLC)fst00950559</subfield>
  </datafield>
  <datafield tag="651" ind1=" " ind2="0">
    <subfield code="a">Minneapolis (Minn.)</subfield>
    <subfield code="x">Buildings, structures, etc.</subfield>
  </datafield>
  <datafield tag="651" ind1=" " ind2="7">
    <subfield code="a">Minnesota.</subfield>
    <subfield code="2">fast</subfield>
    <subfield code="0">(OCoLC)fst01204560</subfield>
  </datafield>
  <datafield tag="710" ind1="2" ind2=" ">
    <subfield code="a">University of Minnesota.</subfield>
    <subfield code="b">Center for Urban and Regional Affairs,</subfield>
    <subfield code="e">issuing body.</subfield>
  </datafield>
  <datafield tag="776" ind1="0" ind2="8">
    <subfield code="i">Online version:</subfield>
    <subfield code="a">Robinson, Julia.</subfield>
    <subfield code="t">Women&apos;s Advocates shelter</subfield>
    <subfield code="d">[Minneapolis] : Center for Urban and Regional Affairs, School of Architecture and Landscape Architecture, University of Minnesota, 1982</subfield>
    <subfield code="w">(OCoLC)1085934807</subfield>
  </datafield>
  <datafield tag="985" ind1=" " ind2=" ">
    <subfield code="a">BibframePilot2</subfield>
    <subfield code="e">20200103</subfield>
  </datafield>
</record>