
<record>
  <leader>05053cam a22004818i 4500</leader>
  <controlfield tag="001">21350554</controlfield>
  <controlfield tag="005">20200103101110.0</controlfield>
  <controlfield tag="008">191220s2020    msu     ob    001 0 eng  </controlfield>
  <controlfield tag="006">m |o d | </controlfield>
  <controlfield tag="007">cr_|||||||||||</controlfield>
  <datafield tag="906" ind1=" " ind2=" ">
    <subfield code="a">7</subfield>
    <subfield code="b">cbc</subfield>
    <subfield code="c">orignew</subfield>
    <subfield code="d">1</subfield>
    <subfield code="e">ecip</subfield>
    <subfield code="f">20</subfield>
    <subfield code="g">y-gencatlg</subfield>
  </datafield>
  <datafield tag="925" ind1="0" ind2=" ">
    <subfield code="a">acquire</subfield>
    <subfield code="e">ecip ebook</subfield>
    <subfield code="x">policy default</subfield>
  </datafield>
  <datafield tag="955" ind1=" " ind2=" ">
    <subfield code="a">ecip ebook 2020-01-03</subfield>
  </datafield>
  <datafield tag="010" ind1=" " ind2=" ">
    <subfield code="a">  2019046255</subfield>
  </datafield>
  <datafield tag="020" ind1=" " ind2=" ">
    <subfield code="a">9781496826299</subfield>
  </datafield>
  <datafield tag="020" ind1=" " ind2=" ">
    <subfield code="z">9781496826268</subfield>
    <subfield code="q">(hardback)</subfield>
  </datafield>
  <datafield tag="020" ind1=" " ind2=" ">
    <subfield code="a">9781496826275</subfield>
  </datafield>
  <datafield tag="020" ind1=" " ind2=" ">
    <subfield code="a">9781496826244</subfield>
  </datafield>
  <datafield tag="020" ind1=" " ind2=" ">
    <subfield code="a">9781496826282</subfield>
  </datafield>
  <datafield tag="020" ind1=" " ind2=" ">
    <subfield code="z">9781496826251</subfield>
    <subfield code="q">(trade paperback)</subfield>
  </datafield>
  <datafield tag="040" ind1=" " ind2=" ">
    <subfield code="a">DLC</subfield>
    <subfield code="b">eng</subfield>
    <subfield code="c">DLC</subfield>
    <subfield code="e">rda</subfield>
  </datafield>
  <datafield tag="042" ind1=" " ind2=" ">
    <subfield code="a">pcc</subfield>
  </datafield>
  <datafield tag="050" ind1="0" ind2="0">
    <subfield code="a">N8248.S77</subfield>
  </datafield>
  <datafield tag="082" ind1="0" ind2="0">
    <subfield code="a">791.43/3409</subfield>
    <subfield code="2">23</subfield>
  </datafield>
  <datafield tag="245" ind1="0" ind2="0">
    <subfield code="a">Animating the spirited :</subfield>
    <subfield code="b">journeys and transformations /</subfield>
    <subfield code="c">edited by Tze-yue G. Hu, Masao Yokota, and Gyongyi Horvath.</subfield>
  </datafield>
  <datafield tag="263" ind1=" " ind2=" ">
    <subfield code="a">2002</subfield>
  </datafield>
  <datafield tag="264" ind1=" " ind2="1">
    <subfield code="a">Jackson :</subfield>
    <subfield code="b">University Press of Mississippi,</subfield>
    <subfield code="c">2020.</subfield>
  </datafield>
  <datafield tag="300" ind1=" " ind2=" ">
    <subfield code="a">1 online resource</subfield>
  </datafield>
  <datafield tag="336" ind1=" " ind2=" ">
    <subfield code="a">text</subfield>
    <subfield code="b">txt</subfield>
    <subfield code="2">rdacontent</subfield>
  </datafield>
  <datafield tag="337" ind1=" " ind2=" ">
    <subfield code="a">computer</subfield>
    <subfield code="b">n</subfield>
    <subfield code="2">rdamedia</subfield>
  </datafield>
  <datafield tag="338" ind1=" " ind2=" ">
    <subfield code="a">online resource</subfield>
    <subfield code="b">nc</subfield>
    <subfield code="2">rdacarrier</subfield>
  </datafield>
  <datafield tag="504" ind1=" " ind2=" ">
    <subfield code="a">Includes bibliographical references and index.</subfield>
  </datafield>
  <datafield tag="505" ind1="0" ind2="0">
    <subfield code="g">Section 1: Mindful practices, creation, and the spirited process.</subfield>
    <subfield code="t">Mindful animation for learning awareness /</subfield>
    <subfield code="r">Graham Barton and Birgitta Hosea ;</subfield>
    <subfield code="t">Transforming the intangible into the real: reflections on my selected animation works /</subfield>
    <subfield code="r">Koji Yamamura ;</subfield>
    <subfield code="t">Transforming the schizophrenic through cinematic therapy /</subfield>
    <subfield code="r">Eileen Anastasia Reynolds --</subfield>
    <subfield code="g">Section 2: Objects, spirits, and characters.</subfield>
    <subfield code="t">Animating artifact spirits in the 2.5-dimensional world: personification and performing characters in Token Ranbu /</subfield>
    <subfield code="r">Akiko Sugawa-Shimada ;</subfield>
    <subfield code="t">Heaven and earth: traditional sources of the dual identities of anime heroines /</subfield>
    <subfield code="r">Raz Greenberg ;</subfield>
    <subfield code="t">Metanoia in anime: rehabilitating demons, turning foes into allies /</subfield>
    <subfield code="r">Richard J. Leskosky --</subfield>
    <subfield code="g">Section 3: Inspirations from the spiritual-cultural realm.</subfield>
    <subfield code="t">Animating with the primordial pen: mystic and Sufi inspirations in calligraphic animation /</subfield>
    <subfield code="r">M. Javad Khajavi ;</subfield>
    <subfield code="t">Interpretations and thoughts of the animated self in Cowherd&apos;s Flute: highlighting the Daoist elements in Te Wei&apos;s watercolor-and-ink animation /</subfield>
    <subfield code="r">Tze-yue G. Hu ;</subfield>
    <subfield code="t">Interpreting Buddhist influences in Kawamoto&apos;s puppet animation: a psychologist&apos;s reflections and readings of his animation /</subfield>
    <subfield code="r">Masao Yokota --</subfield>
    <subfield code="g">Section 4: Comics and children&apos;s literature: their transformative roles.</subfield>
    <subfield code="t">&quot;We are all humans&quot;: children&apos;s transformative interpretation of a comic on the Rwandan genocide /</subfield>
    <subfield code="r">Gyongyi Horvath ;</subfield>
    <subfield code="t">The &quot;spiritual&quot; role of the media? Heidi, Girl of the Alps in Japan and Korea /</subfield>
    <subfield code="r">Giryung Park --</subfield>
    <subfield code="g">Section 5: Buddhist worldviews, interactions, and symbolism.</subfield>
    <subfield code="t">Understanding Thai animation narratives: the presence of Buddhist philosophy and Thai cultural ideology /</subfield>
    <subfield code="r">Millie Young ;</subfield>
    <subfield code="t">Veiled Zen journeys through early Muromachi flower-and-bird paintings /</subfield>
    <subfield code="r">Yuk Lan Ng ;</subfield>
    <subfield code="t">Shadows of the Sun: animating Buddhist Dharma for art history /</subfield>
    <subfield code="r">Yin Ker --</subfield>
    <subfield code="t">Epilogue /</subfield>
    <subfield code="r">Tze-yug G. Hu and Masao Yokota.</subfield>
  </datafield>
  <datafield tag="520" ind1=" " ind2=" ">
    <subfield code="a">&quot;Getting in touch with a spiritual side is a craving many are unable to express or voice, but readers and viewers seek out this desired connection to something greater through animation, cinema, anime, and art. Animating the Spirited: Journeys and Transformations includes a range of explorations of the meanings of the spirited and spiritual in the diverse, dynamic, and polarized creative environment of the twenty-first century. While animation is at the heart of the book, related subjects such as fine art, comics, children&apos;s literature, folklore, religion, and philosophy enrich the discoveries. These interdisciplinary discussions range from theory to practice, within the framework of an ever-changing media landscape. Working on different continents and coming from varying cultural backgrounds, these diverse scholars, artists, curators, and educators demonstrate the insights of the spirited. Journeys and transformations abound, and writers examine and interpret these in the context of visual representations. Authors also size up new dimensions of mental health and related expressions of human living and interactions. While the book recognizes and acknowledges the particularities of the spirited across cultures, it also highlights its universality, demonstrating how it is being studied, researched, comprehended, expressed, and consumed in various parts of the world&quot;--</subfield>
    <subfield code="c">Provided by publisher.</subfield>
  </datafield>
  <datafield tag="588" ind1=" " ind2=" ">
    <subfield code="a">Description based on print version record and CIP data provided by publisher; resource not viewed.</subfield>
  </datafield>
  <datafield tag="650" ind1=" " ind2="0">
    <subfield code="a">Spirituality in art.</subfield>
  </datafield>
  <datafield tag="650" ind1=" " ind2="0">
    <subfield code="a">Animated films</subfield>
    <subfield code="x">History and criticism.</subfield>
  </datafield>
  <datafield tag="650" ind1=" " ind2="0">
    <subfield code="a">Animated television programs</subfield>
    <subfield code="x">History and criticism.</subfield>
  </datafield>
  <datafield tag="700" ind1="1" ind2=" ">
    <subfield code="a">Hu, Tze-yue G.,</subfield>
    <subfield code="e">editor.</subfield>
  </datafield>
  <datafield tag="700" ind1="1" ind2=" ">
    <subfield code="a">Yokota, Masao,</subfield>
    <subfield code="d">1954-</subfield>
    <subfield code="e">editor.</subfield>
  </datafield>
  <datafield tag="700" ind1="1" ind2=" ">
    <subfield code="a">Horvath, Gyongyi,</subfield>
    <subfield code="d">1987-</subfield>
    <subfield code="e">editor.</subfield>
  </datafield>
  <datafield tag="776" ind1="0" ind2="8">
    <subfield code="i">Print version:</subfield>
    <subfield code="t">Animating the spirited</subfield>
    <subfield code="d">Jackson : University Press of Mississippi, 2020.</subfield>
    <subfield code="z">9781496826268</subfield>
    <subfield code="w">(DLC) 2019046254</subfield>
  </datafield>
  <datafield tag="985" ind1=" " ind2=" ">
    <subfield code="a">LC online resource</subfield>
    <subfield code="d">2020-01-03</subfield>
  </datafield>
</record>