
<record>
  <leader>02733cam a22005655i 4500</leader>
  <controlfield tag="001">21350609</controlfield>
  <controlfield tag="005">20200103112650.0</controlfield>
  <controlfield tag="008">200103t20172017nyua     b   i000 0 eng  </controlfield>
  <datafield tag="906" ind1=" " ind2=" ">
    <subfield code="a">0</subfield>
    <subfield code="b">ibc</subfield>
    <subfield code="c">copycat</subfield>
    <subfield code="d">2</subfield>
    <subfield code="e">ncip</subfield>
    <subfield code="f">20</subfield>
    <subfield code="g">y-gencatlg</subfield>
  </datafield>
  <datafield tag="925" ind1="0" ind2=" ">
    <subfield code="a">acquire</subfield>
    <subfield code="b">1 shelf copy</subfield>
    <subfield code="x">policy default</subfield>
  </datafield>
  <datafield tag="955" ind1=" " ind2=" ">
    <subfield code="b">ff16 2020-01-03 z-processor</subfield>
    <subfield code="a">ff00 2020-01-03 to GS/SBCG</subfield>
    <subfield code="a">ff00 2020-01-03 to GS/SBCG</subfield>
  </datafield>
  <datafield tag="010" ind1=" " ind2=" ">
    <subfield code="a">  2019455227</subfield>
  </datafield>
  <datafield tag="016" ind1="7" ind2=" ">
    <subfield code="a">018865760</subfield>
    <subfield code="2">Uk</subfield>
  </datafield>
  <datafield tag="020" ind1=" " ind2=" ">
    <subfield code="a">9789211171488</subfield>
  </datafield>
  <datafield tag="020" ind1=" " ind2=" ">
    <subfield code="a">9211171482</subfield>
  </datafield>
  <datafield tag="020" ind1=" " ind2=" ">
    <subfield code="z">9789213628973</subfield>
  </datafield>
  <datafield tag="035" ind1=" " ind2=" ">
    <subfield code="a">(OCoLC)on1028720664</subfield>
  </datafield>
  <datafield tag="040" ind1=" " ind2=" ">
    <subfield code="a">AU@</subfield>
    <subfield code="b">eng</subfield>
    <subfield code="c">AU@</subfield>
    <subfield code="e">rda</subfield>
    <subfield code="d">OCLCO</subfield>
    <subfield code="d">OCLCF</subfield>
    <subfield code="d">COD</subfield>
    <subfield code="d">MOU</subfield>
    <subfield code="d">OCLCO</subfield>
    <subfield code="d">UBC</subfield>
    <subfield code="d">IUL</subfield>
    <subfield code="d">FIE</subfield>
    <subfield code="d">CUY</subfield>
    <subfield code="d">CDN</subfield>
    <subfield code="d">UKMGB</subfield>
    <subfield code="d">CLE</subfield>
    <subfield code="d">OCLCO</subfield>
    <subfield code="d">BDP</subfield>
    <subfield code="d">TJC</subfield>
    <subfield code="d">OCLCO</subfield>
    <subfield code="d">TJC</subfield>
    <subfield code="d">OCLCQ</subfield>
    <subfield code="d">OCLCO</subfield>
    <subfield code="d">DLC</subfield>
  </datafield>
  <datafield tag="042" ind1=" " ind2=" ">
    <subfield code="a">lccopycat</subfield>
  </datafield>
  <datafield tag="055" ind1=" " ind2="3">
    <subfield code="a">TK9360</subfield>
    <subfield code="b">U54 A35</subfield>
  </datafield>
  <datafield tag="082" ind1="0" ind2="4">
    <subfield code="a">621.48335</subfield>
    <subfield code="2">23</subfield>
  </datafield>
  <datafield tag="086" ind1=" " ind2=" ">
    <subfield code="a">ECE/ENERGY/111</subfield>
    <subfield code="2">undocs</subfield>
  </datafield>
  <datafield tag="097" ind1="0" ind2="0">
    <subfield code="a">HD9698</subfield>
    <subfield code="b">.E55 2017</subfield>
  </datafield>
  <datafield tag="097" ind1="0" ind2="0">
    <subfield code="a">TK9360</subfield>
    <subfield code="b">.G85 2017</subfield>
  </datafield>
  <datafield tag="245" ind1="0" ind2="0">
    <subfield code="a">Guidelines for application of the United Nations Framework Classification for Resosurces (UNFC) to uranium and thorium resources /</subfield>
    <subfield code="c">prepared by the ECE Expert Group on Resource Classification.</subfield>
  </datafield>
  <datafield tag="264" ind1=" " ind2="1">
    <subfield code="a">New York :</subfield>
    <subfield code="b">United Nations,</subfield>
    <subfield code="c">2017.</subfield>
  </datafield>
  <datafield tag="264" ind1=" " ind2="4">
    <subfield code="c">©2017</subfield>
  </datafield>
  <datafield tag="300" ind1=" " ind2=" ">
    <subfield code="a">vi, 64 pages :</subfield>
    <subfield code="b">color illustrations ;</subfield>
    <subfield code="c">30 cm.</subfield>
  </datafield>
  <datafield tag="336" ind1=" " ind2=" ">
    <subfield code="a">text</subfield>
    <subfield code="b">txt</subfield>
    <subfield code="2">rdacontent</subfield>
  </datafield>
  <datafield tag="337" ind1=" " ind2=" ">
    <subfield code="a">unmediated</subfield>
    <subfield code="b">n</subfield>
    <subfield code="2">rdamedia</subfield>
  </datafield>
  <datafield tag="338" ind1=" " ind2=" ">
    <subfield code="a">volume</subfield>
    <subfield code="b">nc</subfield>
    <subfield code="2">rdacarrier</subfield>
  </datafield>
  <datafield tag="490" ind1="1" ind2=" ">
    <subfield code="a">Energy series,</subfield>
    <subfield code="x">1014-7225 ;</subfield>
    <subfield code="v">no. 55</subfield>
  </datafield>
  <datafield tag="500" ind1=" " ind2=" ">
    <subfield code="a">At head of title: UNECE.</subfield>
  </datafield>
  <datafield tag="500" ind1=" " ind2=" ">
    <subfield code="a">&quot;ECE/ENERGY/111&quot;--Title page verso.</subfield>
  </datafield>
  <datafield tag="500" ind1=" " ind2=" ">
    <subfield code="a">&quot;United Nations publication. Sales No. E.18. II. E.2&quot;--Title page verso.</subfield>
  </datafield>
  <datafield tag="504" ind1=" " ind2=" ">
    <subfield code="a">Includes bibliographical references (pages 56-59).</subfield>
  </datafield>
  <datafield tag="530" ind1=" " ind2=" ">
    <subfield code="a">Also available online.</subfield>
  </datafield>
  <datafield tag="505" ind1="0" ind2=" ">
    <subfield code="a">Introduction -- Overview of nuclear fuel resources and production -- United Nations Framework Classification for Fossil Energy and Mineral Reserves and Resources 2009 -- NEA/IAEA Classification -- Application of UNFC-2009 for nuclear fuel resources -- Comprehensive extraction projects -- Conclusions.</subfield>
  </datafield>
  <datafield tag="650" ind1=" " ind2="0">
    <subfield code="a">Nuclear fuels</subfield>
    <subfield code="x">Classification</subfield>
    <subfield code="x">Standards.</subfield>
  </datafield>
  <datafield tag="650" ind1=" " ind2="0">
    <subfield code="a">Uranium as fuel</subfield>
    <subfield code="x">Classification</subfield>
    <subfield code="x">Standards.</subfield>
  </datafield>
  <datafield tag="650" ind1=" " ind2="0">
    <subfield code="a">Thorium</subfield>
    <subfield code="x">Classification</subfield>
    <subfield code="x">Standards.</subfield>
  </datafield>
  <datafield tag="655" ind1=" " ind2="7">
    <subfield code="a">Case studies.</subfield>
    <subfield code="2">fast</subfield>
    <subfield code="0">(OCoLC)fst01423765</subfield>
  </datafield>
  <datafield tag="655" ind1=" " ind2="7">
    <subfield code="a">Case studies.</subfield>
    <subfield code="2">lcgft</subfield>
  </datafield>
  <datafield tag="710" ind1="2" ind2=" ">
    <subfield code="a">United Nations.</subfield>
    <subfield code="b">Economic Commission for Europe,</subfield>
    <subfield code="e">issuing body.</subfield>
  </datafield>
  <datafield tag="710" ind1="2" ind2=" ">
    <subfield code="a">UNECE Expert Group on Resource Classification,</subfield>
    <subfield code="e">issuing body.</subfield>
  </datafield>
  <datafield tag="710" ind1="2" ind2=" ">
    <subfield code="a">United Nations,</subfield>
    <subfield code="e">issuing body.</subfield>
  </datafield>
  <datafield tag="830" ind1=" " ind2="0">
    <subfield code="a">ECE energy series ;</subfield>
    <subfield code="v">no. 55.</subfield>
  </datafield>
  <datafield tag="856" ind1="4" ind2="1">
    <subfield code="u">https://www.unece.org/fileadmin/DAM/energy/images/pub/1734723E_WEB.pdf</subfield>
  </datafield>
  <datafield tag="856" ind1="4" ind2="1">
    <subfield code="u">http://www.unece.org/fileadmin/DAM/energy/images/pub/1734723E_WEB.pdf</subfield>
    <subfield code="z">Full-text</subfield>
  </datafield>
  <datafield tag="923" ind1=" " ind2=" ">
    <subfield code="a">exchange</subfield>
    <subfield code="d">2018-08-15</subfield>
    <subfield code="s">v00008263</subfield>
  </datafield>
</record>