
<record>
  <leader>02275ckm a22004817a 4500</leader>
  <controlfield tag="001">21350611</controlfield>
  <controlfield tag="005">20200103105506.0</controlfield>
  <controlfield tag="007">kd bo|</controlfield>
  <controlfield tag="007">cr |||||||||||</controlfield>
  <controlfield tag="008">200103s2011    |||nnn       ||   kneng  </controlfield>
  <datafield tag="906" ind1=" " ind2=" ">
    <subfield code="a">p</subfield>
    <subfield code="b">cbc</subfield>
    <subfield code="c">orignew</subfield>
    <subfield code="d">u</subfield>
    <subfield code="e">ncip</subfield>
    <subfield code="f">20</subfield>
    <subfield code="g">y-printpho</subfield>
  </datafield>
  <datafield tag="955" ind1=" " ind2=" ">
    <subfield code="a">pnpm qw09 2020-01</subfield>
  </datafield>
  <datafield tag="010" ind1=" " ind2=" ">
    <subfield code="a">  2020630105</subfield>
  </datafield>
  <datafield tag="037" ind1=" " ind2=" ">
    <subfield code="a">LC-DIG-ppmsca-65090</subfield>
    <subfield code="b">DLC</subfield>
    <subfield code="c">(digital file from original)</subfield>
  </datafield>
  <datafield tag="040" ind1=" " ind2=" ">
    <subfield code="a">DLC</subfield>
    <subfield code="b">eng</subfield>
    <subfield code="e">dcrmg</subfield>
    <subfield code="c">DLC</subfield>
  </datafield>
  <datafield tag="050" ind1="0" ind2="0">
    <subfield code="a">Unprocessed in PR 13 CN 2013:175,</subfield>
    <subfield code="b">no. 8</subfield>
  </datafield>
  <datafield tag="100" ind1="1" ind2=" ">
    <subfield code="a">Khalil,</subfield>
    <subfield code="e">artist.</subfield>
  </datafield>
  <datafield tag="245" ind1="1" ind2="0">
    <subfield code="a">[Zahra&apos;s paradise].</subfield>
    <subfield code="p">Mehdi, they think you are dead!</subfield>
    <subfield code="h">[graphic] /</subfield>
    <subfield code="c">Amir &amp; Khalil.</subfield>
  </datafield>
  <datafield tag="260" ind1=" " ind2=" ">
    <subfield code="c">[2011]</subfield>
  </datafield>
  <datafield tag="300" ind1=" " ind2=" ">
    <subfield code="a">1 drawing :</subfield>
    <subfield code="b">ink, wash, and graphite ;</subfield>
    <subfield code="c">sheet 355 x 277 mm.</subfield>
  </datafield>
  <datafield tag="336" ind1=" " ind2=" ">
    <subfield code="a">still image</subfield>
    <subfield code="b">sti</subfield>
    <subfield code="2">rdacontent</subfield>
  </datafield>
  <datafield tag="337" ind1=" " ind2=" ">
    <subfield code="a">unmediated</subfield>
    <subfield code="b">n</subfield>
    <subfield code="2">rdamedia</subfield>
  </datafield>
  <datafield tag="338" ind1=" " ind2=" ">
    <subfield code="a">sheet</subfield>
    <subfield code="b">nb</subfield>
    <subfield code="2">rdacarrier</subfield>
  </datafield>
  <datafield tag="520" ind1="0" ind2=" ">
    <subfield code="a">Cartoon from graphic novel, Zahra&apos;s paradise, written by Amir and illustrated by Khalil, shows the grieving mother of Mehdi, a protestor who disappeared following Iran&apos;s 2009 elections.</subfield>
  </datafield>
  <datafield tag="540" ind1=" " ind2=" ">
    <subfield code="a">Rights status not evaluated. For general information see &quot;Copyright and Other Restrictions...,&quot;</subfield>
    <subfield code="u">http://www.loc.gov/rr/print/195_copr.html</subfield>
  </datafield>
  <datafield tag="500" ind1=" " ind2=" ">
    <subfield code="a">Title devised by Library staff and from the item.</subfield>
  </datafield>
  <datafield tag="506" ind1=" " ind2=" ">
    <subfield code="a">Served by appointment only (Unprocessed). To make a request, see &quot;Access to Unprocessed Materials,&quot;</subfield>
    <subfield code="u">http://www.loc.gov/rr/print/info/022_unpr.html</subfield>
  </datafield>
  <datafield tag="541" ind1=" " ind2=" ">
    <subfield code="c">Gift;</subfield>
    <subfield code="a">Khalil and Amir;</subfield>
    <subfield code="d">2013;</subfield>
    <subfield code="e">(DLC/PP-2013:175).</subfield>
  </datafield>
  <datafield tag="650" ind1=" " ind2="7">
    <subfield code="a">Protest movements</subfield>
    <subfield code="z">Iran</subfield>
    <subfield code="y">2000-2010.</subfield>
    <subfield code="2">lctgm</subfield>
  </datafield>
  <datafield tag="650" ind1=" " ind2="7">
    <subfield code="a">Missing persons</subfield>
    <subfield code="z">Iran</subfield>
    <subfield code="y">2000-2010.</subfield>
    <subfield code="2">lctgm</subfield>
  </datafield>
  <datafield tag="650" ind1=" " ind2="7">
    <subfield code="a">Mothers</subfield>
    <subfield code="z">Iran</subfield>
    <subfield code="y">2000-2010.</subfield>
    <subfield code="2">lctgm</subfield>
  </datafield>
  <datafield tag="650" ind1=" " ind2="7">
    <subfield code="a">Grief</subfield>
    <subfield code="y">2000-2010.</subfield>
    <subfield code="2">lctgm</subfield>
  </datafield>
  <datafield tag="651" ind1=" " ind2="0">
    <subfield code="a">Iran</subfield>
    <subfield code="x">History</subfield>
    <subfield code="y">Election protests, 2009.</subfield>
  </datafield>
  <datafield tag="655" ind1=" " ind2="7">
    <subfield code="a">Book illustrations</subfield>
    <subfield code="y">2010-2020.</subfield>
    <subfield code="2">gmgpc</subfield>
  </datafield>
  <datafield tag="655" ind1=" " ind2="7">
    <subfield code="a">Cartoons (Commentary)</subfield>
    <subfield code="y">2010-2020.</subfield>
    <subfield code="2">gmgpc</subfield>
  </datafield>
  <datafield tag="655" ind1=" " ind2="7">
    <subfield code="a">Ink drawings</subfield>
    <subfield code="y">2010-2020.</subfield>
    <subfield code="2">gmgpc</subfield>
  </datafield>
  <datafield tag="700" ind1="0" ind2=" ">
    <subfield code="a">Amir.</subfield>
  </datafield>
  <datafield tag="852" ind1=" " ind2=" ">
    <subfield code="a">Library of Congress</subfield>
    <subfield code="b">Prints and Photographs Division</subfield>
    <subfield code="e">Washington, D.C. 20540 USA</subfield>
    <subfield code="n">dcu</subfield>
    <subfield code="u">http://hdl.loc.gov/loc.pnp/pp.print</subfield>
  </datafield>
  <datafield tag="856" ind1="4" ind2="1">
    <subfield code="3">digital file from original</subfield>
    <subfield code="d">ppmsca</subfield>
    <subfield code="f">65090</subfield>
    <subfield code="q">p</subfield>
    <subfield code="u">http://hdl.loc.gov/loc.pnp/ppmsca.65090</subfield>
  </datafield>
  <datafield tag="985" ind1=" " ind2=" ">
    <subfield code="a">pp/diof</subfield>
  </datafield>
  <datafield tag="952" ind1=" " ind2=" ">
    <subfield code="a">Accession box no. PR 13 CN 2013:175.08</subfield>
  </datafield>
  <datafield tag="985" ind1=" " ind2=" ">
    <subfield code="a">pp/cph</subfield>
  </datafield>
  <datafield tag="991" ind1=" " ind2=" ">
    <subfield code="b">c-P&amp;P</subfield>
  </datafield>
</record>