
<record>
  <leader>02427cam a2200409 i 4500</leader>
  <controlfield tag="001">21350614</controlfield>
  <controlfield tag="005">20200103105409.0</controlfield>
  <controlfield tag="008">200103s2017    bw a     b    110 0 bel  </controlfield>
  <datafield tag="906" ind1=" " ind2=" ">
    <subfield code="a">7</subfield>
    <subfield code="b">cbc</subfield>
    <subfield code="c">origcop</subfield>
    <subfield code="d">3</subfield>
    <subfield code="e">ncip</subfield>
    <subfield code="f">20</subfield>
    <subfield code="g">y-nonroman</subfield>
  </datafield>
  <datafield tag="925" ind1="0" ind2=" ">
    <subfield code="a">acquire</subfield>
    <subfield code="b">1 shelf copy</subfield>
    <subfield code="x">policy default</subfield>
  </datafield>
  <datafield tag="955" ind1=" " ind2=" ">
    <subfield code="b">fc70 2020-01-03</subfield>
    <subfield code="a">fc00 2020-01-03 to GS/ECE</subfield>
    <subfield code="i">fc70 2020-01-03 to BCCD (softbound)</subfield>
  </datafield>
  <datafield tag="010" ind1=" " ind2=" ">
    <subfield code="a">  2019453210</subfield>
  </datafield>
  <datafield tag="020" ind1=" " ind2=" ">
    <subfield code="a">9789855221723</subfield>
  </datafield>
  <datafield tag="020" ind1=" " ind2=" ">
    <subfield code="a">9855221729</subfield>
  </datafield>
  <datafield tag="040" ind1=" " ind2=" ">
    <subfield code="a">DLC</subfield>
    <subfield code="b">eng</subfield>
    <subfield code="e">rda</subfield>
    <subfield code="c">DLC</subfield>
  </datafield>
  <datafield tag="041" ind1="0" ind2=" ">
    <subfield code="a">bel</subfield>
    <subfield code="a">rus</subfield>
    <subfield code="a">eng</subfield>
  </datafield>
  <datafield tag="042" ind1=" " ind2=" ">
    <subfield code="a">pcc</subfield>
  </datafield>
  <datafield tag="043" ind1=" " ind2=" ">
    <subfield code="a">e-bw---</subfield>
  </datafield>
  <datafield tag="050" ind1="0" ind2="0">
    <subfield code="a">GR203.4</subfield>
    <subfield code="b">.N38 2017</subfield>
  </datafield>
  <datafield tag="066" ind1=" " ind2=" ">
    <subfield code="c">(N</subfield>
    <subfield code="c">(Q</subfield>
  </datafield>
  <datafield tag="111" ind1="2" ind2=" ">
    <subfield code="a">Miz︠h︡narodnai︠a︡ navukovai︠a︡  kanferėntsyi︠a︡ &quot;Aŭtėntychny falʹklor--prablemy zakhavanni︠a︡, vyvuchėnni︠a︡, usprymanni︠a︡&quot;</subfield>
    <subfield code="n">(11th :</subfield>
    <subfield code="d">2017 :</subfield>
    <subfield code="c">Minsk, Belarus)</subfield>
  </datafield>
  <datafield tag="245" ind1="1" ind2="0">
    <subfield code="6">880-01</subfield>
    <subfield code="a">Aŭtėntychny falʹklor :</subfield>
    <subfield code="b">prablemy zakhavanni︠a︡, vyvuchėnni︠a︡, usprymanni︠a︡ : (pami︠a︡tsi antrapolaha Zinaidy Maz︠h︡ėĭki) : zbornik navukovykh prats /</subfield>
    <subfield code="c">rėdaktsyĭnai︠a︡ kalehii︠a︡ ... I︠A︡zykovich V.R. (starshyni︠a︡) [and 7 others].</subfield>
  </datafield>
  <datafield tag="880" ind1="1" ind2="0">
    <subfield code="6">245-01/(N</subfield>
    <subfield code="a">Аўтэнтычны фальклор :</subfield>
    <subfield code="b">праблемы захавання, вывучэння, успрымання : (памяці антраполага Зінаіды Мажэйкі) : зборнік навуковых прац /</subfield>
    <subfield code="c">рэдакцыйная калегія ... Языковіч В.Р. (старшыня) [and 7 others].</subfield>
  </datafield>
  <datafield tag="264" ind1=" " ind2="1">
    <subfield code="6">880-02</subfield>
    <subfield code="a">Minsk :</subfield>
    <subfield code="b">BDUKM (Belaruski dzi︠a︡rz︠h︡aŭny universitėt kulʹtury i mastatstvaŭ),</subfield>
    <subfield code="c">2017.</subfield>
  </datafield>
  <datafield tag="880" ind1=" " ind2="1">
    <subfield code="6">264-02/(N</subfield>
    <subfield code="a">Мінск :</subfield>
    <subfield code="b">БДУКМ (Беларускі дзяржаўны універсітэт культуры і мастацтваў),</subfield>
    <subfield code="c">2017.</subfield>
  </datafield>
  <datafield tag="300" ind1=" " ind2=" ">
    <subfield code="a">211 pages :</subfield>
    <subfield code="b">illustrations ;</subfield>
    <subfield code="c">30 cm</subfield>
  </datafield>
  <datafield tag="336" ind1=" " ind2=" ">
    <subfield code="a">text</subfield>
    <subfield code="b">txt</subfield>
    <subfield code="2">rdacontent</subfield>
  </datafield>
  <datafield tag="337" ind1=" " ind2=" ">
    <subfield code="a">unmediated</subfield>
    <subfield code="b">n</subfield>
    <subfield code="2">rdamedia</subfield>
  </datafield>
  <datafield tag="338" ind1=" " ind2=" ">
    <subfield code="a">volume</subfield>
    <subfield code="b">nc</subfield>
    <subfield code="2">rdacarrier</subfield>
  </datafield>
  <datafield tag="546" ind1=" " ind2=" ">
    <subfield code="a">Belarusian and Russian and English.</subfield>
  </datafield>
  <datafield tag="504" ind1=" " ind2=" ">
    <subfield code="a">Includes bibliographical references.</subfield>
  </datafield>
  <datafield tag="650" ind1=" " ind2="0">
    <subfield code="a">Folklore</subfield>
    <subfield code="z">Belarus</subfield>
    <subfield code="v">Congresses.</subfield>
  </datafield>
  <datafield tag="651" ind1=" " ind2="0">
    <subfield code="a">Belarus</subfield>
    <subfield code="x">Social life and customs</subfield>
    <subfield code="v">Congresses.</subfield>
  </datafield>
  <datafield tag="700" ind1="1" ind2=" ">
    <subfield code="a">Maz︠h︡ėĭka, Z. I︠A︡.</subfield>
    <subfield code="e">honouree.</subfield>
  </datafield>
  <datafield tag="700" ind1="1" ind2=" ">
    <subfield code="a">I︠A︡zykovich, V. R.,</subfield>
    <subfield code="e">editor.</subfield>
  </datafield>
  <datafield tag="710" ind1="2" ind2=" ">
    <subfield code="a">Belaruski dzi︠a︡rz︠h︡aŭny universitėt kulʹtury i mastatstvaŭ,</subfield>
    <subfield code="e">sponsoring body.</subfield>
  </datafield>
  <datafield tag="923" ind1=" " ind2=" ">
    <subfield code="a">Exchange</subfield>
    <subfield code="s">National Library of Belarus</subfield>
  </datafield>
</record>