
<record>
  <leader>02002cam a22003615i 4500</leader>
  <controlfield tag="001">21350617</controlfield>
  <controlfield tag="005">20200103105246.0</controlfield>
  <controlfield tag="008">200103s2019    ja a          000 0 jpn  </controlfield>
  <datafield tag="906" ind1=" " ind2=" ">
    <subfield code="a">0</subfield>
    <subfield code="b">ibc</subfield>
    <subfield code="c">origres</subfield>
    <subfield code="d">3</subfield>
    <subfield code="e">ncip</subfield>
    <subfield code="f">20</subfield>
    <subfield code="g">y-nonroman</subfield>
  </datafield>
  <datafield tag="925" ind1="0" ind2=" ">
    <subfield code="a">acquire</subfield>
    <subfield code="b">1 shelf copy</subfield>
    <subfield code="x">TYS 2019-11-18</subfield>
  </datafield>
  <datafield tag="955" ind1=" " ind2=" ">
    <subfield code="b">cf27 2020-01-03 z-processor JACKPHY</subfield>
  </datafield>
  <datafield tag="010" ind1=" " ind2=" ">
    <subfield code="a">  2019473496</subfield>
  </datafield>
  <datafield tag="040" ind1=" " ind2=" ">
    <subfield code="a">DLC</subfield>
    <subfield code="b">eng</subfield>
    <subfield code="e">rda</subfield>
    <subfield code="c">DLC</subfield>
  </datafield>
  <datafield tag="042" ind1=" " ind2=" ">
    <subfield code="a">pcc</subfield>
  </datafield>
  <datafield tag="066" ind1=" " ind2=" ">
    <subfield code="c">$1</subfield>
  </datafield>
  <datafield tag="245" ind1="0" ind2="0">
    <subfield code="6">880-01</subfield>
    <subfield code="a">Heisei 30-nendo maikuro purasuchikku o fukumu kaiyō gomi ni kansuru monitaringu shuhō no chōwa tō oyobi kokunaigai no renkei to ni kakaru kentō gyōmu hōkokusho.</subfield>
  </datafield>
  <datafield tag="880" ind1="0" ind2="0">
    <subfield code="6">245-01/$1</subfield>
    <subfield code="a">平成30年度マイクロプラスチックを含む海洋ごみに関するモニタリング手法の調和等及び国内外の連携等に係る検討業務報告書.</subfield>
  </datafield>
  <datafield tag="246" ind1="3" ind2="0">
    <subfield code="6">880-02</subfield>
    <subfield code="a">Maikuro purasuchikku o fukumu kaiyō gomi ni kansuru monitaringu shuhō no chōwa tō oyobi kokunaigai no renkei to ni kakaru kentō gyōmu hōkokusho</subfield>
  </datafield>
  <datafield tag="880" ind1="3" ind2="0">
    <subfield code="6">246-02/$1</subfield>
    <subfield code="a">マイクロプラスチックを含む海洋ごみに関するモニタリング手法の調和等及び国内外の連携等に係る検討業務報告書</subfield>
  </datafield>
  <datafield tag="264" ind1=" " ind2="1">
    <subfield code="6">880-03</subfield>
    <subfield code="a">Tōkyō-to Taitō-ku :</subfield>
    <subfield code="b">Ippan Shadan Hōjin Kokusai Kankyō Kenkyū Kyōkai,</subfield>
    <subfield code="c">Heisei 31 [2019]</subfield>
  </datafield>
  <datafield tag="880" ind1=" " ind2="1">
    <subfield code="6">264-03/$1</subfield>
    <subfield code="a">東京都台東区 :</subfield>
    <subfield code="b">一般社団法人国際環境研究協会,</subfield>
    <subfield code="c">平成31 [2019]</subfield>
  </datafield>
  <datafield tag="300" ind1=" " ind2=" ">
    <subfield code="a">110, 75 pages :</subfield>
    <subfield code="b">illustrations ;</subfield>
    <subfield code="c">30 cm</subfield>
  </datafield>
  <datafield tag="336" ind1=" " ind2=" ">
    <subfield code="a">text</subfield>
    <subfield code="b">txt</subfield>
    <subfield code="2">rdacontent</subfield>
  </datafield>
  <datafield tag="337" ind1=" " ind2=" ">
    <subfield code="a">unmediated</subfield>
    <subfield code="b">n</subfield>
    <subfield code="2">rdamedia</subfield>
  </datafield>
  <datafield tag="338" ind1=" " ind2=" ">
    <subfield code="a">volume</subfield>
    <subfield code="b">nc</subfield>
    <subfield code="2">rdacarrier</subfield>
  </datafield>
  <datafield tag="880" ind1=" " ind2=" ">
    <subfield code="6">500-00/$1</subfield>
    <subfield code="a">環境省請負業務.</subfield>
  </datafield>
  <datafield tag="880" ind1=" " ind2=" ">
    <subfield code="6">504-00/$1</subfield>
    <subfield code="a">文献あり.</subfield>
  </datafield>
  <datafield tag="880" ind1=" " ind2=" ">
    <subfield code="6">546-00/$1</subfield>
    <subfield code="a">英語併載.</subfield>
  </datafield>
  <datafield tag="880" ind1=" " ind2="4">
    <subfield code="6">650-00/$1</subfield>
    <subfield code="a">海洋廃棄物</subfield>
    <subfield code="0">(JTNDL)01203794</subfield>
    <subfield code="2">ndlsh</subfield>
  </datafield>
  <datafield tag="880" ind1=" " ind2="4">
    <subfield code="6">650-00/$1</subfield>
    <subfield code="a">プラスチック</subfield>
    <subfield code="0">(JTNDL)00569201</subfield>
    <subfield code="2">ndlsh</subfield>
  </datafield>
  <datafield tag="710" ind1="2" ind2=" ">
    <subfield code="6">880-04</subfield>
    <subfield code="a">Kokusai Kankyo Kenkyu Kyokai.</subfield>
    <subfield code="0">(JTNDL)00747928</subfield>
  </datafield>
  <datafield tag="880" ind1="2" ind2=" ">
    <subfield code="6">710-04/$1</subfield>
    <subfield code="a">国際環境研究協会</subfield>
    <subfield code="0">(JTNDL)00747928</subfield>
  </datafield>
  <datafield tag="923" ind1=" " ind2=" ">
    <subfield code="s">94001184</subfield>
  </datafield>
</record>