
<record>
  <leader>04772cam a22004818i 4500</leader>
  <controlfield tag="001">21350623</controlfield>
  <controlfield tag="005">20200103171247.0</controlfield>
  <controlfield tag="008">200102s2020    msu      b    001 0 eng  </controlfield>
  <datafield tag="906" ind1=" " ind2=" ">
    <subfield code="a">0</subfield>
    <subfield code="b">ibc</subfield>
    <subfield code="c">orignew</subfield>
    <subfield code="d">1</subfield>
    <subfield code="e">ecip</subfield>
    <subfield code="f">20</subfield>
    <subfield code="g">y-gencatlg</subfield>
  </datafield>
  <datafield tag="925" ind1="0" ind2=" ">
    <subfield code="a">acquire</subfield>
    <subfield code="b">1 shelf copy</subfield>
    <subfield code="x">policy default</subfield>
  </datafield>
  <datafield tag="955" ind1=" " ind2=" ">
    <subfield code="b">MsSM 2020-01-02</subfield>
    <subfield code="e">xk06 2020-01-03 to Dewey</subfield>
  </datafield>
  <datafield tag="010" ind1=" " ind2=" ">
    <subfield code="a">  2019034315</subfield>
  </datafield>
  <datafield tag="020" ind1=" " ind2=" ">
    <subfield code="a">9781496827029</subfield>
    <subfield code="q">(hardback)</subfield>
  </datafield>
  <datafield tag="020" ind1=" " ind2=" ">
    <subfield code="a">9781496827012</subfield>
    <subfield code="q">(trade paperback)</subfield>
  </datafield>
  <datafield tag="020" ind1=" " ind2=" ">
    <subfield code="z">9781496827036</subfield>
    <subfield code="q">(epub)</subfield>
  </datafield>
  <datafield tag="020" ind1=" " ind2=" ">
    <subfield code="z">9781496827043</subfield>
    <subfield code="q">(epub)</subfield>
  </datafield>
  <datafield tag="020" ind1=" " ind2=" ">
    <subfield code="z">9781496827050</subfield>
    <subfield code="q">(pdf)</subfield>
  </datafield>
  <datafield tag="020" ind1=" " ind2=" ">
    <subfield code="z">9781496827067</subfield>
    <subfield code="q">(pdf)</subfield>
  </datafield>
  <datafield tag="040" ind1=" " ind2=" ">
    <subfield code="a">MsSM/DLC</subfield>
    <subfield code="b">eng</subfield>
    <subfield code="e">rda</subfield>
    <subfield code="c">DLC</subfield>
  </datafield>
  <datafield tag="042" ind1=" " ind2=" ">
    <subfield code="a">pcc</subfield>
  </datafield>
  <datafield tag="050" ind1="0" ind2="0">
    <subfield code="a">PN6714</subfield>
    <subfield code="b">.M75 2020</subfield>
  </datafield>
  <datafield tag="084" ind1=" " ind2=" ">
    <subfield code="a">LIT017000</subfield>
    <subfield code="2">bisacsh</subfield>
  </datafield>
  <datafield tag="245" ind1="0" ind2="0">
    <subfield code="a">Ms. Marvel&apos;s America :</subfield>
    <subfield code="b">no normal /</subfield>
    <subfield code="c">edited by Jessica Baldanzi and Hussein Rashid.</subfield>
  </datafield>
  <datafield tag="263" ind1=" " ind2=" ">
    <subfield code="a">2003</subfield>
  </datafield>
  <datafield tag="264" ind1=" " ind2="1">
    <subfield code="a">Jackson :</subfield>
    <subfield code="b">University Press of Mississippi,</subfield>
    <subfield code="c">2020.</subfield>
  </datafield>
  <datafield tag="300" ind1=" " ind2=" ">
    <subfield code="a">pages cm</subfield>
  </datafield>
  <datafield tag="336" ind1=" " ind2=" ">
    <subfield code="a">text</subfield>
    <subfield code="b">txt</subfield>
    <subfield code="2">rdacontent</subfield>
  </datafield>
  <datafield tag="337" ind1=" " ind2=" ">
    <subfield code="a">unmediated</subfield>
    <subfield code="b">n</subfield>
    <subfield code="2">rdamedia</subfield>
  </datafield>
  <datafield tag="338" ind1=" " ind2=" ">
    <subfield code="a">volume</subfield>
    <subfield code="b">nc</subfield>
    <subfield code="2">rdacarrier</subfield>
  </datafield>
  <datafield tag="504" ind1=" " ind2=" ">
    <subfield code="a">Includes bibliographical references and index.</subfield>
  </datafield>
  <datafield tag="505" ind1="0" ind2=" ">
    <subfield code="a">Introduction / Jessica Baldanzi and Hussein Rashid -- Part One: Precursors -- Mentoring Ms. Marvel: Marvel&apos;s Kamala Khan and the reconstitution of Carol Danvers / J. Richard Stevens -- Placing Ms. Marvel and Dust: Marvel Comics, the New York metro area, and the &quot;muslim problem&quot; / Martin Lund -- Part Two: Nation and Religion, Identity and Community -- Ms. Marvel is an immigrant / Hussein Rashid -- &quot;The only nerdy Pakistani-American-Slash-inhuman in the entire universe&quot;: postracialism and politics in the new Ms. Marvel / Sika A. Dagbovie-Mullins and Eric Berlatsky -- &quot;I would rather be a cyborg&quot;: both/and technoculture and the new Ms. Marvel / Jessica Baldanzi -- Hope and the Sa&apos;a of Ms. Marvel / A. David Lewis -- Part Three: Pedagogy and resistance -- The transformational resistance of Ms. Marvel in America / Peter Carlson and Antero Garcia -- Classroom heroes: Ms. Marvel and feminist, antiracist pedagogy / Winona Landis -- More than a mask, burkini, and tights: fighting misrepresentation through Ms. Marvel&apos;s costume / Kristin M. Peterson -- Part Four: fangirls, fanboys, and the culture of fandom -- &quot;Wow. many hero. much super. such girl&quot;: Kamala Khan and female comics fandom / Aaron Kashtan -- Kamala Khan, Miles Morales, and Marvel NOW! challenging the traditional white male fan / Nicholaus Pumphrey -- Coda: Conversations -- Madina on the light rail (that girl is me) / José Alaniz -- Interview with G. Willow Wilson / Shabana Mir -- Acknowledgments -- Contributors -- Index.</subfield>
  </datafield>
  <datafield tag="520" ind1=" " ind2=" ">
    <subfield code="a">&quot;Mainstream superheroes are becoming more and more diverse, with new identities for Spider-Man, Captain America, Thor, and Iron Man. Though the Marvel-verse is becoming much more racially, ethnically, and gender diverse, many of these comics remain shy about religion. The new Ms. Marvel, Kamala Khan, is a notable exception, not only because she is written and conceived by two women, Sana Amanat and G. Willow Wilson, but also because both of these women bring their own experiences as Muslim Americans to her character. This distinct collection brings together scholars from a range of disciplines including literature and cultural studies, religious studies, pedagogy, and communications to engage with a single character, exploring Khan&apos;s significance for a broad readership. While acknowledged as the first Muslim superhero to headline her own series, her character appears well-developed and multifaceted in many other ways. She is the first character to take over an established superhero persona, Ms. Marvel, without a reboot of the series or death of the original character. The teenager is also a second-generation immigrant, born to parents who arrived in New Jersey from Pakistan. With essays from and about diverse voices on an array of topics from fashion to immigration history to fandom, this volume includes an exclusive interview with Ms. Marvel author and cocreator G. Willow Wilson by gender studies scholar Shabana Mir&quot;--</subfield>
    <subfield code="c">Provided by publisher.</subfield>
  </datafield>
  <datafield tag="520" ind1=" " ind2=" ">
    <subfield code="a">&quot;An in-depth exploration of the current Ms. Marvel, Kamala Khan&quot;--</subfield>
    <subfield code="c">Provided by publisher.</subfield>
  </datafield>
  <datafield tag="600" ind1="1" ind2="0">
    <subfield code="a">Khan, Kamala</subfield>
    <subfield code="c">(Fictitious character)</subfield>
  </datafield>
  <datafield tag="600" ind1="0" ind2="0">
    <subfield code="a">Marvel,</subfield>
    <subfield code="c">Ms.</subfield>
    <subfield code="c">(Fictitious character)</subfield>
  </datafield>
  <datafield tag="650" ind1=" " ind2="0">
    <subfield code="a">Comic books, strips, etc.</subfield>
    <subfield code="x">History and criticism.</subfield>
  </datafield>
  <datafield tag="650" ind1=" " ind2="7">
    <subfield code="a">LITERARY CRITICISM / Comics &amp; Graphic Novels</subfield>
    <subfield code="2">bisacsh</subfield>
  </datafield>
  <datafield tag="655" ind1=" " ind2="7">
    <subfield code="a">Essays.</subfield>
    <subfield code="2">lcgft</subfield>
  </datafield>
  <datafield tag="655" ind1=" " ind2="7">
    <subfield code="a">Literary criticism.</subfield>
    <subfield code="2">lcgft</subfield>
  </datafield>
  <datafield tag="700" ind1="1" ind2=" ">
    <subfield code="a">Baldanzi, Jessica,</subfield>
    <subfield code="e">editor.</subfield>
  </datafield>
  <datafield tag="700" ind1="1" ind2=" ">
    <subfield code="a">Rashid, Hussein,</subfield>
    <subfield code="e">editor.</subfield>
  </datafield>
  <datafield tag="776" ind1="0" ind2="8">
    <subfield code="i">Online version:</subfield>
    <subfield code="t">Ms. Marvel&apos;s America</subfield>
    <subfield code="d">Jackson : University Press of Mississippi, 2020.</subfield>
    <subfield code="z">9781496827036</subfield>
    <subfield code="w">(DLC) 2019034316</subfield>
  </datafield>
  <datafield tag="985" ind1=" " ind2=" ">
    <subfield code="a">MsSMCIP</subfield>
    <subfield code="d">2020-01-02</subfield>
  </datafield>
</record>