
<record>
  <leader>02749cam a22004095i 4500</leader>
  <controlfield tag="001">21350625</controlfield>
  <controlfield tag="005">20200103112706.0</controlfield>
  <controlfield tag="008">200103s2019    fr a     b    000 0 eng d</controlfield>
  <datafield tag="906" ind1=" " ind2=" ">
    <subfield code="a">0</subfield>
    <subfield code="b">ibc</subfield>
    <subfield code="c">copycat</subfield>
    <subfield code="d">2</subfield>
    <subfield code="e">ncip</subfield>
    <subfield code="f">20</subfield>
    <subfield code="g">y-gencatlg</subfield>
  </datafield>
  <datafield tag="925" ind1="0" ind2=" ">
    <subfield code="a">acquire</subfield>
    <subfield code="b">1 shelf copy</subfield>
    <subfield code="x">policy default</subfield>
  </datafield>
  <datafield tag="955" ind1=" " ind2=" ">
    <subfield code="b">ff16 2020-01-03 z-processor</subfield>
    <subfield code="a">ff00 2020-01-03 to GS/SBCG</subfield>
    <subfield code="a">ff00 2020-01-03 to GS/SBCG</subfield>
  </datafield>
  <datafield tag="010" ind1=" " ind2=" ">
    <subfield code="a">  2019455229</subfield>
  </datafield>
  <datafield tag="020" ind1=" " ind2=" ">
    <subfield code="a">9287042845</subfield>
  </datafield>
  <datafield tag="020" ind1=" " ind2=" ">
    <subfield code="a">9789287042842</subfield>
  </datafield>
  <datafield tag="035" ind1=" " ind2=" ">
    <subfield code="a">(OCoLC)on1120147699</subfield>
  </datafield>
  <datafield tag="040" ind1=" " ind2=" ">
    <subfield code="a">YDX</subfield>
    <subfield code="b">eng</subfield>
    <subfield code="c">YDX</subfield>
    <subfield code="e">rda</subfield>
    <subfield code="d">BDX</subfield>
    <subfield code="d">GUA</subfield>
    <subfield code="d">OCLCF</subfield>
    <subfield code="d">DLC</subfield>
  </datafield>
  <datafield tag="042" ind1=" " ind2=" ">
    <subfield code="a">lccopycat</subfield>
  </datafield>
  <datafield tag="097" ind1="0" ind2="0">
    <subfield code="a">HF1430</subfield>
    <subfield code="b">.F33 2019</subfield>
  </datafield>
  <datafield tag="245" ind1="0" ind2="0">
    <subfield code="a">Facilitating trade through regulatory cooperation :</subfield>
    <subfield code="b">the case of the WTO&apos;s TBT/SPS Agreements and Committees.</subfield>
  </datafield>
  <datafield tag="264" ind1=" " ind2="1">
    <subfield code="a">Paris :</subfield>
    <subfield code="b">OECD Publishing ;</subfield>
    <subfield code="a">Geneva :</subfield>
    <subfield code="b">WTO,</subfield>
    <subfield code="c">[2019]</subfield>
  </datafield>
  <datafield tag="300" ind1=" " ind2=" ">
    <subfield code="a">97 pages :</subfield>
    <subfield code="b">illustrations ;</subfield>
    <subfield code="c">30 cm</subfield>
  </datafield>
  <datafield tag="336" ind1=" " ind2=" ">
    <subfield code="a">text</subfield>
    <subfield code="b">txt</subfield>
    <subfield code="2">rdacontent</subfield>
  </datafield>
  <datafield tag="337" ind1=" " ind2=" ">
    <subfield code="a">unmediated</subfield>
    <subfield code="b">n</subfield>
    <subfield code="2">rdamedia</subfield>
  </datafield>
  <datafield tag="338" ind1=" " ind2=" ">
    <subfield code="a">volume</subfield>
    <subfield code="b">nc</subfield>
    <subfield code="2">rdacarrier</subfield>
  </datafield>
  <datafield tag="504" ind1=" " ind2=" ">
    <subfield code="a">Includes bibliographical references.</subfield>
  </datafield>
  <datafield tag="520" ind1="3" ind2=" ">
    <subfield code="a">The WTO plays an important role in supporting efforts to achieve international regulatory cooperation (IRC) and to facilitate trade. First, the WTO provides a multilateral framework for trade among its 164 members, with a view to ensuring that trade flows as smoothly, predictably and freely as possible. Second, the WTO&apos;s Agreements provide important legal disciplines, helping to promote good regulatory practice and IRC at the domestic level as a means of reducing unnecessary barriers to trade. This publication highlights how the WTO&apos;s Agreements on Technical Barriers to Trade (TBT) and on the Application of Sanitary and Phytosanitary Measures (SPS) and the work of their related Committees promote opportunities for regulatory cooperation among governments and ease trade frictions. It demonstrates how members&apos; notification of draft measures, harmonisation of measures with international standards, discussion of specific trade concerns and other practices help to facilitate global trade in goods. The study also makes recommendations on how to benefit further from the transparency and cooperation opportunities provided by the TBT and SPS Agreements.</subfield>
  </datafield>
  <datafield tag="610" ind1="2" ind2="0">
    <subfield code="a">World Trade Organization.</subfield>
  </datafield>
  <datafield tag="650" ind1=" " ind2="0">
    <subfield code="a">International trade.</subfield>
  </datafield>
  <datafield tag="650" ind1=" " ind2="0">
    <subfield code="a">Non-tariff trade barriers.</subfield>
  </datafield>
  <datafield tag="650" ind1=" " ind2="0">
    <subfield code="a">Trade regulation.</subfield>
  </datafield>
  <datafield tag="610" ind1="2" ind2="7">
    <subfield code="a">World Trade Organization.</subfield>
    <subfield code="2">fast</subfield>
    <subfield code="0">(OCoLC)fst00697669</subfield>
  </datafield>
  <datafield tag="650" ind1=" " ind2="7">
    <subfield code="a">International trade.</subfield>
    <subfield code="2">fast</subfield>
    <subfield code="0">(OCoLC)fst00977128</subfield>
  </datafield>
  <datafield tag="650" ind1=" " ind2="7">
    <subfield code="a">Non-tariff trade barriers.</subfield>
    <subfield code="2">fast</subfield>
    <subfield code="0">(OCoLC)fst01038566</subfield>
  </datafield>
  <datafield tag="650" ind1=" " ind2="7">
    <subfield code="a">Trade regulation.</subfield>
    <subfield code="2">fast</subfield>
    <subfield code="0">(OCoLC)fst01153817</subfield>
  </datafield>
  <datafield tag="710" ind1="2" ind2=" ">
    <subfield code="a">Organisation for Economic Co-operation and Development.</subfield>
  </datafield>
  <datafield tag="710" ind1="2" ind2=" ">
    <subfield code="a">World Trade Organization.</subfield>
  </datafield>
  <datafield tag="923" ind1=" " ind2=" ">
    <subfield code="a">exchange</subfield>
    <subfield code="d">2019-08-06</subfield>
    <subfield code="s">95001813</subfield>
  </datafield>
</record>