
<record>
  <leader>03800cam a2200457 i 4500</leader>
  <controlfield tag="001">21350632</controlfield>
  <controlfield tag="005">20200103105746.0</controlfield>
  <controlfield tag="008">200103s2019    enk      b    001 0 eng d</controlfield>
  <datafield tag="906" ind1=" " ind2=" ">
    <subfield code="a">0</subfield>
    <subfield code="b">ibc</subfield>
    <subfield code="c">copycat</subfield>
    <subfield code="d">2</subfield>
    <subfield code="e">ncip</subfield>
    <subfield code="f">20</subfield>
    <subfield code="g">y-gencatlg</subfield>
  </datafield>
  <datafield tag="925" ind1="0" ind2=" ">
    <subfield code="a">acquire</subfield>
    <subfield code="b">1 shelf copy</subfield>
    <subfield code="x">policy default</subfield>
  </datafield>
  <datafield tag="955" ind1=" " ind2=" ">
    <subfield code="a">vk39 2020-01-03 z-client</subfield>
    <subfield code="i">vk39 2020-01-03</subfield>
  </datafield>
  <datafield tag="010" ind1=" " ind2=" ">
    <subfield code="a">  2019565062</subfield>
  </datafield>
  <datafield tag="020" ind1=" " ind2=" ">
    <subfield code="a">178769156X</subfield>
    <subfield code="q">(hardcover)</subfield>
  </datafield>
  <datafield tag="020" ind1=" " ind2=" ">
    <subfield code="a">9781787691568</subfield>
    <subfield code="q">(hardcover)</subfield>
  </datafield>
  <datafield tag="020" ind1=" " ind2=" ">
    <subfield code="z">9781787691551</subfield>
    <subfield code="q">(online)</subfield>
  </datafield>
  <datafield tag="020" ind1=" " ind2=" ">
    <subfield code="z">9781787691575</subfield>
    <subfield code="q">(ePub)</subfield>
  </datafield>
  <datafield tag="035" ind1=" " ind2=" ">
    <subfield code="a">(OCoLC)on1091003642</subfield>
  </datafield>
  <datafield tag="035" ind1=" " ind2=" ">
    <subfield code="a">(OCoLC)1091003642</subfield>
  </datafield>
  <datafield tag="040" ind1=" " ind2=" ">
    <subfield code="a">YDX</subfield>
    <subfield code="b">eng</subfield>
    <subfield code="e">rda</subfield>
    <subfield code="c">YDX</subfield>
    <subfield code="d">YDXIT</subfield>
    <subfield code="d">OCLCF</subfield>
    <subfield code="d">YDXIT</subfield>
    <subfield code="d">OCLCQ</subfield>
    <subfield code="d">MNN</subfield>
    <subfield code="d">DLC</subfield>
  </datafield>
  <datafield tag="042" ind1=" " ind2=" ">
    <subfield code="a">lccopycat</subfield>
  </datafield>
  <datafield tag="043" ind1=" " ind2=" ">
    <subfield code="a">n-us-oh</subfield>
  </datafield>
  <datafield tag="050" ind1="0" ind2="0">
    <subfield code="a">ML3534.3</subfield>
    <subfield code="b">.L36 2019</subfield>
  </datafield>
  <datafield tag="082" ind1="0" ind2="4">
    <subfield code="a">781.66077132</subfield>
    <subfield code="2">23</subfield>
  </datafield>
  <datafield tag="100" ind1="1" ind2=" ">
    <subfield code="a">Lashua, Brett,</subfield>
    <subfield code="e">author.</subfield>
  </datafield>
  <datafield tag="245" ind1="1" ind2="0">
    <subfield code="a">Popular music, popular myth and cultural heritage in Cleveland :</subfield>
    <subfield code="b">the Moondog, the Buzzard, and the battle for the Rock and Roll Hall of Fame /</subfield>
    <subfield code="c">Brett Lashua.</subfield>
  </datafield>
  <datafield tag="250" ind1=" " ind2=" ">
    <subfield code="a">First edition.</subfield>
  </datafield>
  <datafield tag="264" ind1=" " ind2="1">
    <subfield code="a">Bingley, UK :</subfield>
    <subfield code="b">Emerald Publishing Limited,</subfield>
    <subfield code="c">2019.</subfield>
  </datafield>
  <datafield tag="300" ind1=" " ind2=" ">
    <subfield code="a">x, 109 pages ;</subfield>
    <subfield code="c">24 cm.</subfield>
  </datafield>
  <datafield tag="336" ind1=" " ind2=" ">
    <subfield code="a">text</subfield>
    <subfield code="b">txt</subfield>
    <subfield code="2">rdacontent</subfield>
  </datafield>
  <datafield tag="337" ind1=" " ind2=" ">
    <subfield code="a">unmediated</subfield>
    <subfield code="b">n</subfield>
    <subfield code="2">rdamedia</subfield>
  </datafield>
  <datafield tag="338" ind1=" " ind2=" ">
    <subfield code="a">volume</subfield>
    <subfield code="b">nc</subfield>
    <subfield code="2">rdacarrier</subfield>
  </datafield>
  <datafield tag="490" ind1="0" ind2=" ">
    <subfield code="a">Emerald studies in popular music and place</subfield>
  </datafield>
  <datafield tag="504" ind1=" " ind2=" ">
    <subfield code="a">Includes bibliographical references (pages 91-104) and index.</subfield>
  </datafield>
  <datafield tag="505" ind1="0" ind2=" ">
    <subfield code="a">&quot;Hello Cleveland?&quot; -- Popular music and place -- Locating the research, locating the researcher, and getting (lost) in the archives -- In the Moondog&apos;s house: Alan Freed, Leo Mintz and the &quot;invention&quot; of rock &apos;n&apos; roll -- Progressive radio and Cleveland : place and the making of the &quot;capital of rock &apos;n&apos; roll&quot; -- The battle for the Rock and Roll Hall of Fame -- Popular music, popular memory, myth and cultural heritage -- Cleveland rocks?</subfield>
  </datafield>
  <datafield tag="520" ind1=" " ind2=" ">
    <subfield code="a">&quot;Drawing from research conducted at the Rock and Roll Hall of Fame archives, and the author&apos;s experience as a local musician, this book offers a micro-historical case study of Cleveland&apos;s popular music heritage. Among just a handful of books dedicated to the popular music heritage of Cleveland, it traces myths of &quot;where rock began to roll&quot; in the self-proclaimed &quot;birthplace of rock and roll&quot;. Numerous cities have sought to capitalize on their popular music cultural heritage (e.g., Liverpool, Memphis, Detroit, Nashville) as an engine for cultural regeneration. Unusually, rather than a focus on famous musicians and groups, or well-known recording studios and legendary venues, Cleveland&apos;s popular music &quot;origin story&quot; is spun from events of the early 1950s, centered on local radio stations, maverick disc jockeys, second-hand record stores, a riotous concert and youthful, racialized audiences at a moment on the cusp of sweeping social changes. This book untangles the construction of popular myths about &quot;first&quot; rock &apos;n&apos; roll concert--the Moondog Coronation Ball on 21 March 1952, hosted by legendary DJ Alan Freed--the &quot;invention&quot; of the phrase &quot;rock &apos;n&apos; roll&quot;, and the subsequent rebranding of Cleveland as the &quot;birthplace of rock &apos;n&apos; roll&quot; by local radio station WMMS &quot;The Buzzard&quot; during the 1970s. These myths re-emerged and re-circulated in the 1980s during the successful campaign to attract the Rock and Roll Hall of Fame. The author explores the fascinating and unusual story of Cleveland, uncovering how and why it became the site of a major popular music museum.&quot; --</subfield>
    <subfield code="c">Provided by publisher</subfield>
  </datafield>
  <datafield tag="650" ind1=" " ind2="0">
    <subfield code="a">Rock music</subfield>
    <subfield code="z">Ohio</subfield>
    <subfield code="z">Cleveland</subfield>
    <subfield code="x">History.</subfield>
  </datafield>
  <datafield tag="610" ind1="2" ind2="0">
    <subfield code="a">Rock and Roll Hall of Fame and Museum</subfield>
    <subfield code="x">History.</subfield>
  </datafield>
  <datafield tag="610" ind1="2" ind2="7">
    <subfield code="a">Rock and Roll Hall of Fame and Museum.</subfield>
    <subfield code="2">fast</subfield>
    <subfield code="0">(OCoLC)fst00704686</subfield>
  </datafield>
  <datafield tag="650" ind1=" " ind2="7">
    <subfield code="a">Rock music.</subfield>
    <subfield code="2">fast</subfield>
    <subfield code="0">(OCoLC)fst01099204</subfield>
  </datafield>
  <datafield tag="651" ind1=" " ind2="7">
    <subfield code="a">Ohio</subfield>
    <subfield code="z">Cleveland.</subfield>
    <subfield code="2">fast</subfield>
    <subfield code="0">(OCoLC)fst01205966</subfield>
  </datafield>
  <datafield tag="655" ind1=" " ind2="7">
    <subfield code="a">History.</subfield>
    <subfield code="2">fast</subfield>
    <subfield code="0">(OCoLC)fst01411628</subfield>
  </datafield>
</record>