
<record>
  <leader>01646ccm a2200373 i 4500</leader>
  <controlfield tag="001">21350634</controlfield>
  <controlfield tag="005">20200103110643.0</controlfield>
  <controlfield tag="008">200103s1950    ru coc|        n  | zxxo </controlfield>
  <datafield tag="906" ind1=" " ind2=" ">
    <subfield code="a">0</subfield>
    <subfield code="b">ibc</subfield>
    <subfield code="c">orignew</subfield>
    <subfield code="d">1</subfield>
    <subfield code="e">ncip</subfield>
    <subfield code="f">20</subfield>
    <subfield code="g">y-genmusic</subfield>
  </datafield>
  <datafield tag="925" ind1="0" ind2=" ">
    <subfield code="a">acquire</subfield>
    <subfield code="b">1 shelf copy</subfield>
    <subfield code="x">policy default</subfield>
  </datafield>
  <datafield tag="955" ind1=" " ind2=" ">
    <subfield code="b">vl00 2020-01-03 to MBAS</subfield>
    <subfield code="i">vl26 2020-01-03 telework</subfield>
    <subfield code="e">vl26 2020-01-03 to BCCD</subfield>
  </datafield>
  <datafield tag="010" ind1=" " ind2=" ">
    <subfield code="a">  2019566043</subfield>
  </datafield>
  <datafield tag="028" ind1="2" ind2="2">
    <subfield code="a">M. 20185 G.</subfield>
    <subfield code="b">Gosudarstvennoe muzykalʹnoe izdatelʹstvo</subfield>
  </datafield>
  <datafield tag="040" ind1=" " ind2=" ">
    <subfield code="a">DLC</subfield>
    <subfield code="b">eng</subfield>
    <subfield code="e">rda</subfield>
    <subfield code="c">DLC</subfield>
  </datafield>
  <datafield tag="042" ind1=" " ind2=" ">
    <subfield code="a">pcc</subfield>
  </datafield>
  <datafield tag="050" ind1="0" ind2="0">
    <subfield code="a">M1011</subfield>
    <subfield code="b">.L69 op. 4 1950</subfield>
  </datafield>
  <datafield tag="100" ind1="1" ind2=" ">
    <subfield code="a">Li︠a︡punov, S. M.</subfield>
    <subfield code="q">(Sergeĭ Mikhaĭlovich),</subfield>
    <subfield code="d">1859-1924,</subfield>
    <subfield code="e">composer.</subfield>
  </datafield>
  <datafield tag="240" ind1="1" ind2="0">
    <subfield code="a">Concertos,</subfield>
    <subfield code="m">piano, orchestra,</subfield>
    <subfield code="n">no. 1, op. 4,</subfield>
    <subfield code="r">E♭ minor;</subfield>
    <subfield code="o">arranged</subfield>
  </datafield>
  <datafield tag="245" ind1="1" ind2="0">
    <subfield code="a">Pervyĭ kont︠s︡ert dli︠a︡ fortepiano s orkestrom, soch. 4 :</subfield>
    <subfield code="b">perelozhenie dli︠a︡ dvukh fortepiano /</subfield>
    <subfield code="c">S. Li︠a︡punov ; redakt︠s︡ii︠a︡ partii vtorogo fortepiano B. Tit︠s︡a.</subfield>
  </datafield>
  <datafield tag="264" ind1=" " ind2="1">
    <subfield code="a">Moskva :</subfield>
    <subfield code="b">Gosudarstvennoe muzykalʹnoe izdatelʹstvo,</subfield>
    <subfield code="c">1950.</subfield>
  </datafield>
  <datafield tag="300" ind1=" " ind2=" ">
    <subfield code="a">1 score (60 pages) ;</subfield>
    <subfield code="c">29 cm</subfield>
  </datafield>
  <datafield tag="336" ind1=" " ind2=" ">
    <subfield code="a">notated music</subfield>
    <subfield code="b">ntm</subfield>
    <subfield code="2">rdacontent</subfield>
  </datafield>
  <datafield tag="337" ind1=" " ind2=" ">
    <subfield code="a">unmediated</subfield>
    <subfield code="b">n</subfield>
    <subfield code="2">rdamedia</subfield>
  </datafield>
  <datafield tag="338" ind1=" " ind2=" ">
    <subfield code="a">volume</subfield>
    <subfield code="b">nc</subfield>
    <subfield code="2">rdacarrier</subfield>
  </datafield>
  <datafield tag="382" ind1="0" ind2="1">
    <subfield code="a">piano</subfield>
    <subfield code="n">2</subfield>
    <subfield code="s">2</subfield>
    <subfield code="2">lcmpt</subfield>
  </datafield>
  <datafield tag="500" ind1=" " ind2=" ">
    <subfield code="a">Accompaniment arranged for second piano.</subfield>
  </datafield>
  <datafield tag="546" ind1=" " ind2=" ">
    <subfield code="b">Staff notation.</subfield>
  </datafield>
  <datafield tag="500" ind1=" " ind2=" ">
    <subfield code="a">Formerly in the Andrews Sisters collection in the Library of Congress.</subfield>
    <subfield code="5">DLC</subfield>
  </datafield>
  <datafield tag="650" ind1=" " ind2="0">
    <subfield code="a">Concertos (Piano)</subfield>
    <subfield code="v">2-piano scores.</subfield>
  </datafield>
  <datafield tag="655" ind1=" " ind2="7">
    <subfield code="a">Piano scores.</subfield>
    <subfield code="2">lcgft</subfield>
  </datafield>
  <datafield tag="655" ind1=" " ind2="7">
    <subfield code="a">Concertos.</subfield>
    <subfield code="2">lcgft</subfield>
  </datafield>
  <datafield tag="655" ind1=" " ind2="7">
    <subfield code="a">Arrangements (Music)</subfield>
    <subfield code="2">lcgft</subfield>
  </datafield>
  <datafield tag="700" ind1="1" ind2=" ">
    <subfield code="a">Tit︠s︡, B.</subfield>
    <subfield code="q">(Boris),</subfield>
    <subfield code="d">1890-1963,</subfield>
    <subfield code="e">editor.</subfield>
  </datafield>
  <datafield tag="985" ind1=" " ind2=" ">
    <subfield code="a">BibFramePilot2</subfield>
    <subfield code="e">20200103</subfield>
  </datafield>
</record>